Group_ID,Timestamp,Price,Side,Volume,Type
20250612_131613,2025-06-12T07:46:13.557182+00:00,3341.582,SELL,0.01,VP_ENTRY
20250612_131724,2025-06-12T07:47:24.381213+00:00,3340.492,SELL,0.01,VP_ENTRY
20250612_131724,2025-06-12T07:47:24.381213+00:00,3341.629,BUY,0.02,HEDGE_LAYER
20250612_131729,2025-06-12T07:47:29.193826+00:00,3343.436,SELL,0.01,VP_ENTRY
20250612_131730,2025-06-12T07:47:30.699169+00:00,3342.105,SELL,0.01,VP_ENTRY
20250612_131825,2025-06-12T07:48:25.148967+00:00,3342.26,SELL,0.01,VP_ENTRY
20250612_131825,2025-06-12T07:48:25.148967+00:00,3343.378,BUY,0.02,HEDGE_LAYER
20250612_133801,2025-06-12T08:08:01.778145+00:00,3348.781,SELL,0.01,VP_ENTRY
20250612_134846,2025-06-12T08:18:46.922577+00:00,3356.946,BUY,0.01,VP_ENTRY
20250612_134849,2025-06-12T08:18:49.449803+00:00,3357.246,BUY,0.01,VP_ENTRY
20250612_135139,2025-06-12T08:21:39.154797+00:00,3357.389,BUY,0.01,VP_ENTRY
20250612_135139,2025-06-12T08:21:39.154797+00:00,3356.269,SELL,0.02,HEDGE_LAYER
20250612_135154,2025-06-12T08:21:54.200817+00:00,3355.197,BUY,0.01,VP_ENTRY
20250612_135209,2025-06-12T08:22:09.929401+00:00,3356.015,BUY,0.01,VP_ENTRY
20250612_135253,2025-06-12T08:22:53.317178+00:00,3356.329,BUY,0.01,VP_ENTRY
20250612_145147,2025-06-12T09:21:47.968614+00:00,3361.683,SELL,0.01,VP_ENTRY
20250612_152441,2025-06-12T09:54:41.657929+00:00,3366.718,SELL,0.01,VP_ENTRY
20250612_152550,2025-06-12T09:55:50.843256+00:00,3366.255,SELL,0.01,VP_ENTRY
20250612_153847,2025-06-12T10:08:47.391942+00:00,3363.109,BUY,0.01,VP_ENTRY
20250612_154307,2025-06-12T10:13:07.477246+00:00,3363.229,SELL,0.01,VP_ENTRY
20250612_154307,2025-06-12T10:13:07.477246+00:00,3364.305,BUY,0.02,HEDGE_LAYER
20250612_155200,2025-06-12T10:22:00.202865+00:00,3366.022,SELL,0.01,VP_ENTRY
20250612_155200,2025-06-12T10:22:00.202865+00:00,3367.183,BUY,0.02,HEDGE_LAYER
20250612_155200,2025-06-12T10:22:00.202865+00:00,3366.178,SELL,0.03,HEDGE_LAYER
20250612_155200,2025-06-12T10:22:00.202865+00:00,3366.367,BUY,0.02,AUTO_LOCK_4TH_ENTRY
20250612_155200,2025-06-12T10:22:00.202865+00:00,3366.367,SELL,0.01,RECOVERY_SNIPER
20250612_155200,2025-06-12T10:22:00.202865+00:00,3368.228,BUY,0.02,RECOVERY_HEDGE
20250612_155200,2025-06-12T10:22:00.202865+00:00,3371.353,SELL,0.01,RECOVERY_SNIPER
20250612_155200,2025-06-12T10:22:00.202865+00:00,3373.157,BUY,0.02,RECOVERY_HEDGE
20250612_155200,2025-06-12T10:22:00.202865+00:00,3371.178,SELL,0.03,RECOVERY_RESTACK
20250612_155547,2025-06-12T10:25:47.767923+00:00,3374.92,SELL,0.01,VP_ENTRY
20250612_155603,2025-06-12T10:26:03.493411+00:00,3374.72,SELL,0.01,VP_ENTRY
20250612_155650,2025-06-12T10:26:50.609486+00:00,3373.941,SELL,0.01,VP_ENTRY
20250612_155748,2025-06-12T10:27:48.741178+00:00,3373.369,SELL,0.01,VP_ENTRY
20250612_155748,2025-06-12T10:27:48.741178+00:00,3374.618,BUY,0.02,HEDGE_LAYER
20250612_155828,2025-06-12T10:28:28.806097+00:00,3376.43,BUY,0.01,VP_ENTRY
20250612_180635,2025-06-12T12:36:35.329898+00:00,3382.174,SELL,0.01,VP_ENTRY
20250612_180635,2025-06-12T12:36:35.329898+00:00,3383.252,BUY,0.02,HEDGE_LAYER
20250612_180635,2025-06-12T12:36:35.329898+00:00,3382.262,SELL,0.03,HEDGE_LAYER
20250612_180635,2025-06-12T12:36:35.329898+00:00,3382.57,BUY,0.02,AUTO_LOCK_4TH_ENTRY
20250612_180635,2025-06-12T12:36:35.329898+00:00,3382.57,BUY,0.01,RECOVERY_SNIPER
20250612_180635,2025-06-12T12:36:35.329898+00:00,3381.617,SELL,0.02,RECOVERY_HEDGE
20250612_180635,2025-06-12T12:36:35.329898+00:00,3379.942,SELL,0.01,RECOVERY_SNIPER
20250612_180635,2025-06-12T12:36:35.329898+00:00,3381.0,SELL,0.01,RECOVERY_SNIPER
20250612_180635,2025-06-12T12:36:35.329898+00:00,3380.235,SELL,0.01,RECOVERY_SNIPER
20250612_180635,2025-06-12T12:36:35.329898+00:00,3381.094,BUY,0.02,RECOVERY_HEDGE
20250612_180635,2025-06-12T12:36:35.329898+00:00,3380.123,SELL,0.03,RECOVERY_RESTACK
20250612_180635,2025-06-12T12:36:35.329898+00:00,3382.043,BUY,0.01,RECOVERY_SNIPER
20250612_180635,2025-06-12T12:36:35.329898+00:00,3382.69,BUY,0.01,RECOVERY_SNIPER
20250612_180635,2025-06-12T12:36:35.329898+00:00,3382.723,BUY,0.01,RECOVERY_SNIPER
20250612_180635,2025-06-12T12:36:35.329898+00:00,3383.267,BUY,0.01,RECOVERY_SNIPER
20250612_180635,2025-06-12T12:36:35.329898+00:00,3383.009,BUY,0.01,RECOVERY_SNIPER
20250612_180635,2025-06-12T12:36:35.329898+00:00,3383.956,BUY,0.01,RECOVERY_SNIPER
20250612_180635,2025-06-12T12:36:35.329898+00:00,3384.393,BUY,0.01,RECOVERY_SNIPER
20250612_180635,2025-06-12T12:36:35.329898+00:00,3384.976,BUY,0.01,RECOVERY_SNIPER
20250612_180635,2025-06-12T12:36:35.329898+00:00,3386.193,SELL,0.01,RECOVERY_SNIPER
20250612_180635,2025-06-12T12:36:35.329898+00:00,3384.643,SELL,0.01,RECOVERY_SNIPER
20250612_180635,2025-06-12T12:36:35.329898+00:00,3384.914,SELL,0.01,RECOVERY_SNIPER
20250612_180635,2025-06-12T12:36:35.329898+00:00,3385.434,SELL,0.01,RECOVERY_SNIPER
20250612_180635,2025-06-12T12:36:35.329898+00:00,3385.145,SELL,0.01,RECOVERY_SNIPER
20250612_180635,2025-06-12T12:36:35.329898+00:00,3385.857,SELL,0.01,RECOVERY_SNIPER
20250612_180635,2025-06-12T12:36:35.329898+00:00,3385.183,SELL,0.01,RECOVERY_SNIPER
20250612_180635,2025-06-12T12:36:35.329898+00:00,3384.205,SELL,0.01,RECOVERY_SNIPER
20250612_180635,2025-06-12T12:36:35.329898+00:00,3383.569,SELL,0.01,RECOVERY_SNIPER
20250612_180635,2025-06-12T12:36:35.329898+00:00,3382.113,SELL,0.01,RECOVERY_SNIPER
20250612_180635,2025-06-12T12:36:35.329898+00:00,3381.669,SELL,0.01,RECOVERY_SNIPER
20250612_180635,2025-06-12T12:36:35.329898+00:00,3382.515,BUY,0.02,RECOVERY_HEDGE
20250612_180635,2025-06-12T12:36:35.329898+00:00,3384.494,SELL,0.01,RECOVERY_SNIPER
20250612_180635,2025-06-12T12:36:35.329898+00:00,3385.072,SELL,0.01,RECOVERY_SNIPER
20250612_180635,2025-06-12T12:36:35.329898+00:00,3384.252,BUY,0.01,RECOVERY_SNIPER
20250612_180635,2025-06-12T12:36:35.329898+00:00,3385.746,BUY,0.01,RECOVERY_SNIPER
20250612_180635,2025-06-12T12:36:35.329898+00:00,3384.606,SELL,0.02,RECOVERY_HEDGE
20250612_180642,2025-06-12T12:36:42.080990+00:00,3384.261,BUY,0.01,VP_ENTRY
20250612_180645,2025-06-12T12:36:45.563106+00:00,3384.928,BUY,0.01,VP_ENTRY
20250612_181158,2025-06-12T12:41:58.734784+00:00,3385.459,BUY,0.01,VP_ENTRY
20250612_181158,2025-06-12T12:41:58.734784+00:00,3384.365,SELL,0.02,HEDGE_LAYER
20250612_181158,2025-06-12T12:41:58.734784+00:00,3386.111,BUY,0.03,HEDGE_LAYER
20250612_181158,2025-06-12T12:41:58.734784+00:00,3386.27,SELL,0.02,AUTO_LOCK_4TH_ENTRY
20250612_181158,2025-06-12T12:41:58.734784+00:00,3386.43,BUY,0.01,RECOVERY_SNIPER
20250612_181158,2025-06-12T12:41:58.734784+00:00,3387.793,BUY,0.01,RECOVERY_SNIPER
20250612_181158,2025-06-12T12:41:58.734784+00:00,3386.747,SELL,0.02,RECOVERY_HEDGE
20250612_181158,2025-06-12T12:41:58.734784+00:00,3387.7110000000002,BUY,0.03,RECOVERY_RESTACK
20250612_181205,2025-06-12T12:42:05.482534+00:00,3386.867,BUY,0.01,VP_ENTRY
20250612_181212,2025-06-12T12:42:12.002168+00:00,3388.278,BUY,0.01,VP_ENTRY
20250612_182605,2025-06-12T12:56:05.195176+00:00,3388.823,BUY,0.01,VP_ENTRY
20250612_182605,2025-06-12T12:56:05.195176+00:00,3387.798,SELL,0.02,HEDGE_LAYER
20250612_182605,2025-06-12T12:56:05.195176+00:00,3388.975,BUY,0.03,HEDGE_LAYER
20250612_182605,2025-06-12T12:56:05.195176+00:00,3388.768,SELL,0.02,AUTO_LOCK_4TH_ENTRY
20250612_182605,2025-06-12T12:56:05.195176+00:00,3388.844,SELL,0.01,RECOVERY_SNIPER
20250612_182605,2025-06-12T12:56:05.195176+00:00,3389.381,SELL,0.01,RECOVERY_SNIPER
20250612_182605,2025-06-12T12:56:05.195176+00:00,3388.808,SELL,0.01,RECOVERY_SNIPER
20250612_182605,2025-06-12T12:56:05.195176+00:00,3388.343,SELL,0.01,RECOVERY_SNIPER
20250612_182605,2025-06-12T12:56:05.195176+00:00,3387.391,SELL,0.01,RECOVERY_SNIPER
20250612_182605,2025-06-12T12:56:05.195176+00:00,3386.749,SELL,0.01,RECOVERY_SNIPER
20250612_182605,2025-06-12T12:56:05.195176+00:00,3386.317,BUY,0.01,RECOVERY_SNIPER
20250612_182605,2025-06-12T12:56:05.195176+00:00,3386.563,BUY,0.01,RECOVERY_SNIPER
20250612_182605,2025-06-12T12:56:05.195176+00:00,3387.479,SELL,0.01,RECOVERY_SNIPER
20250612_182605,2025-06-12T12:56:05.195176+00:00,3387.198,SELL,0.01,RECOVERY_SNIPER
20250612_182605,2025-06-12T12:56:05.195176+00:00,3386.684,SELL,0.01,RECOVERY_SNIPER
20250612_182605,2025-06-12T12:56:05.195176+00:00,3387.436,BUY,0.02,RECOVERY_HEDGE
20250612_182605,2025-06-12T12:56:05.195176+00:00,3389.373,BUY,0.01,RECOVERY_SNIPER
20250612_182605,2025-06-12T12:56:05.195176+00:00,3388.363,SELL,0.02,RECOVERY_HEDGE
20250612_182605,2025-06-12T12:56:05.195176+00:00,3389.367,BUY,0.03,RECOVERY_RESTACK
20250612_182636,2025-06-12T12:56:36.278942+00:00,3389.224,BUY,0.01,VP_ENTRY
20250612_182639,2025-06-12T12:56:39.745503+00:00,3389.656,BUY,0.01,VP_ENTRY
20250612_183005,2025-06-12T13:00:05.838743+00:00,3390.226,BUY,0.01,VP_ENTRY
20250612_183005,2025-06-12T13:00:05.838743+00:00,3389.126,SELL,0.02,HEDGE_LAYER
20250612_183808,2025-06-12T13:08:08.887066+00:00,3387.607,SELL,0.01,VP_ENTRY
20250612_183808,2025-06-12T13:08:08.887066+00:00,3388.726,BUY,0.02,HEDGE_LAYER
20250612_183808,2025-06-12T13:08:08.887066+00:00,3388.768,SELL,0.01,LOCK_INTO_RANGE
20250612_183808,2025-06-12T13:08:08.887066+00:00,3387.122,BUY,0.01,RECOVERY_SNIPER
20250612_183808,2025-06-12T13:08:08.887066+00:00,3386.734,BUY,0.01,RECOVERY_SNIPER
20250612_183808,2025-06-12T13:08:08.887066+00:00,3390.429,BUY,0.01,RECOVERY_SNIPER
20250612_183808,2025-06-12T13:08:08.887066+00:00,3390.81,BUY,0.01,RECOVERY_SNIPER
20250612_183808,2025-06-12T13:08:08.887066+00:00,3390.998,BUY,0.01,RECOVERY_SNIPER
20250612_183808,2025-06-12T13:08:08.887066+00:00,3391.319,SELL,0.01,RECOVERY_SNIPER
20250612_183808,2025-06-12T13:08:08.887066+00:00,3392.165,BUY,0.02,RECOVERY_HEDGE
20250612_183808,2025-06-12T13:08:08.887066+00:00,3391.184,SELL,0.03,RECOVERY_RESTACK
20250612_183811,2025-06-12T13:08:11.761182+00:00,3389.439,BUY,0.01,VP_ENTRY
20250612_191434,2025-06-12T13:44:34.635353+00:00,3386.856,SELL,0.01,VP_ENTRY
20250612_191434,2025-06-12T13:44:34.635353+00:00,3388.371,BUY,0.02,HEDGE_LAYER
20250612_191434,2025-06-12T13:44:34.635353+00:00,3387.38,SELL,0.03,HEDGE_LAYER
20250612_191434,2025-06-12T13:44:34.635353+00:00,3387.309,BUY,0.02,AUTO_LOCK_4TH_ENTRY
20250612_191434,2025-06-12T13:44:34.635353+00:00,3387.863,SELL,0.01,RECOVERY_SNIPER
20250612_191434,2025-06-12T13:44:34.635353+00:00,3386.68,SELL,0.01,RECOVERY_SNIPER
20250612_191434,2025-06-12T13:44:34.635353+00:00,3387.7,BUY,0.02,RECOVERY_HEDGE
20250612_191434,2025-06-12T13:44:34.635353+00:00,3389.072,BUY,0.01,RECOVERY_SNIPER
20250612_191434,2025-06-12T13:44:34.635353+00:00,3390.142,SELL,0.01,RECOVERY_SNIPER
20250612_191434,2025-06-12T13:44:34.635353+00:00,3390.964,BUY,0.02,RECOVERY_HEDGE
20250612_191434,2025-06-12T13:44:34.635353+00:00,3392.761,SELL,0.01,RECOVERY_SNIPER
20250612_191434,2025-06-12T13:44:34.635353+00:00,3392.391,BUY,0.01,RECOVERY_SNIPER
20250612_191434,2025-06-12T13:44:34.635353+00:00,3393.028,BUY,0.01,RECOVERY_SNIPER
20250612_191434,2025-06-12T13:44:34.635353+00:00,3391.897,SELL,0.02,RECOVERY_HEDGE
20250612_191434,2025-06-12T13:44:34.635353+00:00,3390.333,BUY,0.01,RECOVERY_SNIPER
20250612_191434,2025-06-12T13:44:34.635353+00:00,3391.163,SELL,0.01,RECOVERY_SNIPER
20250612_191434,2025-06-12T13:44:34.635353+00:00,3390.8,SELL,0.01,RECOVERY_SNIPER
20250612_191434,2025-06-12T13:44:34.635353+00:00,3390.353,SELL,0.01,RECOVERY_SNIPER
20250612_191434,2025-06-12T13:44:34.635353+00:00,3391.528,BUY,0.02,RECOVERY_HEDGE
20250612_191434,2025-06-12T13:44:34.635353+00:00,3394.18,BUY,0.01,RECOVERY_SNIPER
20250612_191434,2025-06-12T13:44:34.635353+00:00,3394.75,BUY,0.01,RECOVERY_SNIPER
20250612_191434,2025-06-12T13:44:34.635353+00:00,3394.948,BUY,0.01,RECOVERY_SNIPER
20250612_191434,2025-06-12T13:44:34.635353+00:00,3395.38,BUY,0.01,RECOVERY_SNIPER
20250612_191434,2025-06-12T13:44:34.635353+00:00,3394.378,SELL,0.02,RECOVERY_HEDGE
20250612_191434,2025-06-12T13:44:34.635353+00:00,3395.4120000000003,BUY,0.03,RECOVERY_RESTACK
20250612_192357,2025-06-12T13:53:57.966633+00:00,3388.977,BUY,0.01,VP_ENTRY
20250612_192435,2025-06-12T13:54:35.782358+00:00,3389.829,BUY,0.01,VP_ENTRY
20250612_192439,2025-06-12T13:54:39.243507+00:00,3390.148,BUY,0.01,VP_ENTRY
20250612_192441,2025-06-12T13:54:41.743512+00:00,3390.653,BUY,0.01,VP_ENTRY
20250612_192452,2025-06-12T13:54:52.330045+00:00,3391.117,BUY,0.01,VP_ENTRY
20250612_192503,2025-06-12T13:55:03.903803+00:00,3391.369,BUY,0.01,VP_ENTRY
20250612_192544,2025-06-12T13:55:44.896294+00:00,3391.473,BUY,0.01,VP_ENTRY
20250612_192606,2025-06-12T13:56:06.181423+00:00,3392.802,BUY,0.01,VP_ENTRY
20250612_192606,2025-06-12T13:56:06.181423+00:00,3391.869,SELL,0.02,HEDGE_LAYER
20250612_192606,2025-06-12T13:56:06.181423+00:00,3390.768,BUY,0.03,HEDGE_LAYER
20250612_192606,2025-06-12T13:56:06.181423+00:00,3390.419,SELL,0.02,AUTO_LOCK_4TH_ENTRY
20250612_192643,2025-06-12T13:56:43.705958+00:00,3390.74,BUY,0.01,VP_ENTRY
20250612_192643,2025-06-12T13:56:43.705958+00:00,3389.719,SELL,0.02,HEDGE_LAYER
20250612_192744,2025-06-12T13:57:44.945785+00:00,3388.399,SELL,0.01,VP_ENTRY
20250612_192744,2025-06-12T13:57:44.945785+00:00,3389.412,BUY,0.02,HEDGE_LAYER
20250612_192744,2025-06-12T13:57:44.945785+00:00,3390.374,SELL,0.03,HEDGE_LAYER
20250612_192744,2025-06-12T13:57:44.945785+00:00,3390.414,BUY,0.02,AUTO_LOCK_4TH_ENTRY
20250612_192744,2025-06-12T13:57:44.945785+00:00,3390.414,SELL,0.01,RECOVERY_SNIPER
20250612_192750,2025-06-12T13:57:50.252232+00:00,3390.414,BUY,0.01,VP_ENTRY
20250612_192908,2025-06-12T13:59:08.082639+00:00,3391.132,BUY,0.01,VP_ENTRY
20250612_192908,2025-06-12T13:59:08.082639+00:00,3389.912,SELL,0.02,HEDGE_LAYER
20250612_192908,2025-06-12T13:59:08.082639+00:00,3391.007,BUY,0.03,HEDGE_LAYER
20250612_192908,2025-06-12T13:59:08.082639+00:00,3391.314,SELL,0.02,AUTO_LOCK_4TH_ENTRY
20250612_192952,2025-06-12T13:59:52.551456+00:00,3391.536,BUY,0.01,VP_ENTRY
20250612_192957,2025-06-12T13:59:57.037858+00:00,3392.131,BUY,0.01,VP_ENTRY
20250612_193033,2025-06-12T14:00:33.552023+00:00,3392.544,BUY,0.01,VP_ENTRY
20250612_193033,2025-06-12T14:00:33.552023+00:00,3391.247,SELL,0.02,HEDGE_LAYER
20250612_193033,2025-06-12T14:00:33.552023+00:00,3392.337,BUY,0.03,HEDGE_LAYER
20250612_193033,2025-06-12T14:00:33.552023+00:00,3391.994,SELL,0.02,AUTO_LOCK_4TH_ENTRY
20250612_193038,2025-06-12T14:00:38.131221+00:00,3392.23,BUY,0.01,VP_ENTRY
20250612_193055,2025-06-12T14:00:55.738300+00:00,3392.746,BUY,0.01,VP_ENTRY
20250612_193055,2025-06-12T14:00:55.738300+00:00,3391.704,SELL,0.02,HEDGE_LAYER
20250612_193055,2025-06-12T14:00:55.738300+00:00,3390.591,BUY,0.03,HEDGE_LAYER
20250612_193055,2025-06-12T14:00:55.738300+00:00,3390.002,SELL,0.02,AUTO_LOCK_4TH_ENTRY
20250612_193100,2025-06-12T14:01:00.029497+00:00,3389.496,BUY,0.01,VP_ENTRY
20250612_193112,2025-06-12T14:01:12.579012+00:00,3390.08,BUY,0.01,VP_ENTRY
20250612_193137,2025-06-12T14:01:37.208196+00:00,3390.87,SELL,0.01,VP_ENTRY
20250612_193202,2025-06-12T14:02:02.623464+00:00,3390.426,BUY,0.01,VP_ENTRY
20250612_193202,2025-06-12T14:02:02.623464+00:00,3389.327,SELL,0.02,HEDGE_LAYER
20250612_193202,2025-06-12T14:02:02.623464+00:00,3390.368,BUY,0.03,HEDGE_LAYER
20250612_193202,2025-06-12T14:02:02.623464+00:00,3390.443,SELL,0.02,AUTO_LOCK_4TH_ENTRY
20250612_193209,2025-06-12T14:02:09.800533+00:00,3391.739,BUY,0.01,VP_ENTRY
20250612_193214,2025-06-12T14:02:14.220638+00:00,3392.374,BUY,0.01,VP_ENTRY
20250612_193243,2025-06-12T14:02:43.479626+00:00,3393.046,BUY,0.01,VP_ENTRY
20250612_193243,2025-06-12T14:02:43.479626+00:00,3391.933,SELL,0.02,HEDGE_LAYER
20250612_193243,2025-06-12T14:02:43.479626+00:00,3390.433,BUY,0.03,HEDGE_LAYER
20250612_193243,2025-06-12T14:02:43.479626+00:00,3390.694,SELL,0.02,AUTO_LOCK_4TH_ENTRY
20250612_193314,2025-06-12T14:03:14.960868+00:00,3390.655,BUY,0.01,VP_ENTRY
20250612_193314,2025-06-12T14:03:14.960868+00:00,3389.5,SELL,0.02,HEDGE_LAYER
20250612_193317,2025-06-12T14:03:17.587436+00:00,3388.193,BUY,0.01,VP_ENTRY
20250612_193324,2025-06-12T14:03:24.055882+00:00,3388.128,BUY,0.01,VP_ENTRY
20250612_193349,2025-06-12T14:03:49.658486+00:00,3389.254,BUY,0.01,VP_ENTRY
20250612_193429,2025-06-12T14:04:29.022941+00:00,3389.545,BUY,0.01,VP_ENTRY
20250612_193429,2025-06-12T14:04:29.022941+00:00,3388.445,SELL,0.02,HEDGE_LAYER
20250612_193429,2025-06-12T14:04:29.022941+00:00,3389.468,BUY,0.03,HEDGE_LAYER
20250612_193429,2025-06-12T14:04:29.022941+00:00,3389.294,SELL,0.02,AUTO_LOCK_4TH_ENTRY
20250612_193503,2025-06-12T14:05:03.901738+00:00,3388.886,SELL,0.01,VP_ENTRY
20250612_193503,2025-06-12T14:05:03.901738+00:00,3389.883,BUY,0.02,HEDGE_LAYER
20250612_193503,2025-06-12T14:05:03.901738+00:00,3391.089,SELL,0.03,HEDGE_LAYER
20250612_193503,2025-06-12T14:05:03.901738+00:00,3391.397,BUY,0.02,AUTO_LOCK_4TH_ENTRY
20250612_193517,2025-06-12T14:05:17.997361+00:00,3391.336,SELL,0.01,VP_ENTRY
20250612_193521,2025-06-12T14:05:21.454482+00:00,3390.796,SELL,0.01,VP_ENTRY
20250612_193545,2025-06-12T14:05:45.040738+00:00,3389.537,SELL,0.01,VP_ENTRY
20250612_193613,2025-06-12T14:06:13.280001+00:00,3389.069,SELL,0.01,VP_ENTRY
20250612_193613,2025-06-12T14:06:13.280001+00:00,3390.323,BUY,0.02,HEDGE_LAYER
20250612_193613,2025-06-12T14:06:13.280001+00:00,3391.366,SELL,0.03,HEDGE_LAYER
20250612_193613,2025-06-12T14:06:13.280001+00:00,3391.62,BUY,0.02,AUTO_LOCK_4TH_ENTRY
20250612_193632,2025-06-12T14:06:32.444785+00:00,3390.654,SELL,0.01,VP_ENTRY
20250612_193641,2025-06-12T14:06:41.897921+00:00,3390.353,SELL,0.01,VP_ENTRY
20250612_193753,2025-06-12T14:07:53.403290+00:00,3389.823,SELL,0.01,VP_ENTRY
20250612_193753,2025-06-12T14:07:53.403290+00:00,3391.274,BUY,0.02,HEDGE_LAYER
20250612_193753,2025-06-12T14:07:53.403290+00:00,3390.235,SELL,0.03,HEDGE_LAYER
20250612_193753,2025-06-12T14:07:53.403290+00:00,3390.368,BUY,0.02,AUTO_LOCK_4TH_ENTRY
20250612_193824,2025-06-12T14:08:24.352326+00:00,3390.173,SELL,0.01,VP_ENTRY
20250612_193824,2025-06-12T14:08:24.352326+00:00,3392.363,BUY,0.02,HEDGE_LAYER
20250612_193824,2025-06-12T14:08:24.352326+00:00,3391.443,SELL,0.03,HEDGE_LAYER
20250612_193824,2025-06-12T14:08:24.352326+00:00,3392.062,BUY,0.02,AUTO_LOCK_4TH_ENTRY
20250612_193828,2025-06-12T14:08:28.440201+00:00,3391.874,SELL,0.01,VP_ENTRY
20250612_193903,2025-06-12T14:09:03.115173+00:00,3391.054,SELL,0.01,VP_ENTRY
20250612_193908,2025-06-12T14:09:08.654715+00:00,3390.756,BUY,0.01,VP_ENTRY
20250612_194011,2025-06-12T14:10:11.581306+00:00,3390.974,BUY,0.01,VP_ENTRY
20250612_194040,2025-06-12T14:10:40.285879+00:00,3391.5,BUY,0.01,VP_ENTRY
20250612_194045,2025-06-12T14:10:45.720677+00:00,3391.929,SELL,0.01,VP_ENTRY
20250612_194056,2025-06-12T14:10:56.968544+00:00,3391.733,SELL,0.01,VP_ENTRY
20250612_194104,2025-06-12T14:11:04.245429+00:00,3391.063,SELL,0.01,VP_ENTRY
20250612_194106,2025-06-12T14:11:06.975635+00:00,3388.854,SELL,0.01,VP_ENTRY
20250612_194108,2025-06-12T14:11:08.499643+00:00,3388.186,SELL,0.01,VP_ENTRY
20250612_194203,2025-06-12T14:12:03.155975+00:00,3386.094,SELL,0.01,VP_ENTRY
20250612_194203,2025-06-12T14:12:03.155975+00:00,3387.16,BUY,0.02,HEDGE_LAYER
20250612_194203,2025-06-12T14:12:03.155975+00:00,3386.072,SELL,0.03,HEDGE_LAYER
20250612_194203,2025-06-12T14:12:03.155975+00:00,3385.973,BUY,0.02,AUTO_LOCK_4TH_ENTRY
20250612_194209,2025-06-12T14:12:09.242838+00:00,3386.558,BUY,0.01,VP_ENTRY
20250612_194215,2025-06-12T14:12:15.693985+00:00,3387.022,BUY,0.01,VP_ENTRY
20250612_194241,2025-06-12T14:12:41.498741+00:00,3387.478,BUY,0.01,VP_ENTRY
20250612_194241,2025-06-12T14:12:41.498741+00:00,3386.146,SELL,0.02,HEDGE_LAYER
20250612_194241,2025-06-12T14:12:41.498741+00:00,3384.538,BUY,0.03,HEDGE_LAYER
20250612_194241,2025-06-12T14:12:41.498741+00:00,3384.369,SELL,0.02,AUTO_LOCK_4TH_ENTRY
20250612_194330,2025-06-12T14:13:30.996029+00:00,3384.774,SELL,0.01,VP_ENTRY
20250612_194330,2025-06-12T14:13:30.996029+00:00,3385.787,BUY,0.02,HEDGE_LAYER
20250612_194330,2025-06-12T14:13:30.996029+00:00,3386.967,SELL,0.03,HEDGE_LAYER
20250612_194330,2025-06-12T14:13:30.996029+00:00,3387.239,BUY,0.02,AUTO_LOCK_4TH_ENTRY
20250612_194443,2025-06-12T14:14:43.922402+00:00,3386.914,SELL,0.01,VP_ENTRY
20250612_194443,2025-06-12T14:14:43.922402+00:00,3388.064,BUY,0.02,HEDGE_LAYER
20250612_194443,2025-06-12T14:14:43.922402+00:00,3386.88,SELL,0.03,HEDGE_LAYER
20250612_194443,2025-06-12T14:14:43.922402+00:00,3387.376,BUY,0.02,AUTO_LOCK_4TH_ENTRY
20250612_194543,2025-06-12T14:15:43.253860+00:00,3386.982,SELL,0.01,VP_ENTRY
20250612_194543,2025-06-12T14:15:43.253860+00:00,3388.008,BUY,0.02,HEDGE_LAYER
20250612_194543,2025-06-12T14:15:43.253860+00:00,3386.699,SELL,0.03,HEDGE_LAYER
20250612_194543,2025-06-12T14:15:43.253860+00:00,3386.653,BUY,0.02,AUTO_LOCK_4TH_ENTRY
20250612_194622,2025-06-12T14:16:22.288208+00:00,3387.069,SELL,0.01,VP_ENTRY
20250612_194622,2025-06-12T14:16:22.288208+00:00,3387.997,BUY,0.02,HEDGE_LAYER
20250612_194622,2025-06-12T14:16:22.288208+00:00,3389.067,SELL,0.03,HEDGE_LAYER
20250612_194622,2025-06-12T14:16:22.288208+00:00,3388.958,BUY,0.02,AUTO_LOCK_4TH_ENTRY
20250612_194641,2025-06-12T14:16:41.209532+00:00,3389.357,BUY,0.01,VP_ENTRY
20250612_194641,2025-06-12T14:16:41.209532+00:00,3388.003,SELL,0.02,HEDGE_LAYER
20250612_194641,2025-06-12T14:16:41.209532+00:00,3386.802,BUY,0.03,HEDGE_LAYER
20250612_194641,2025-06-12T14:16:41.209532+00:00,3387.777,SELL,0.02,AUTO_LOCK_4TH_ENTRY
20250612_194702,2025-06-12T14:17:02.373049+00:00,3387.998,BUY,0.01,VP_ENTRY
20250612_194732,2025-06-12T14:17:32.666505+00:00,3388.609,BUY,0.01,VP_ENTRY
20250612_194732,2025-06-12T14:17:32.666505+00:00,3387.561,SELL,0.02,HEDGE_LAYER
20250612_194739,2025-06-12T14:17:39.751499+00:00,3386.843,BUY,0.01,VP_ENTRY
20250612_194744,2025-06-12T14:17:44.591581+00:00,3387.463,BUY,0.01,VP_ENTRY
20250612_195240,2025-06-12T14:22:40.536018+00:00,3387.925,BUY,0.01,VP_ENTRY
20250612_195240,2025-06-12T14:22:40.536018+00:00,3386.903,SELL,0.02,HEDGE_LAYER
20250612_195240,2025-06-12T14:22:40.536018+00:00,3385.727,BUY,0.03,HEDGE_LAYER
20250612_195240,2025-06-12T14:22:40.536018+00:00,3385.538,SELL,0.02,AUTO_LOCK_4TH_ENTRY
20250612_195240,2025-06-12T14:22:40.536018+00:00,3385.969,SELL,0.01,RECOVERY_SNIPER
20250612_195240,2025-06-12T14:22:40.536018+00:00,3387.074,BUY,0.02,RECOVERY_HEDGE
20250612_195240,2025-06-12T14:22:40.536018+00:00,3385.959,SELL,0.03,RECOVERY_RESTACK
20250612_195312,2025-06-12T14:23:12.456777+00:00,3389.602,BUY,0.01,VP_ENTRY
20250612_195400,2025-06-12T14:24:00.279555+00:00,3390.09,BUY,0.01,VP_ENTRY
20250612_195631,2025-06-12T14:26:31.324798+00:00,3390.877,BUY,0.01,VP_ENTRY
20250612_195631,2025-06-12T14:26:31.324798+00:00,3389.68,SELL,0.02,HEDGE_LAYER
20250612_195631,2025-06-12T14:26:31.324798+00:00,3390.927,BUY,0.03,HEDGE_LAYER
20250612_195631,2025-06-12T14:26:31.324798+00:00,3390.514,SELL,0.02,AUTO_LOCK_4TH_ENTRY
20250612_195643,2025-06-12T14:26:43.561480+00:00,3390.74,BUY,0.01,VP_ENTRY
20250612_200419,2025-06-12T14:34:19.647181+00:00,3388.127,SELL,0.01,VP_ENTRY
20250612_200424,2025-06-12T14:34:24.683219+00:00,3387.482,SELL,0.01,VP_ENTRY
20250612_200451,2025-06-12T14:34:51.657792+00:00,3386.647,SELL,0.01,VP_ENTRY
20250612_200939,2025-06-12T14:39:39.188034+00:00,3386.789,BUY,0.01,VP_ENTRY
20250612_200939,2025-06-12T14:39:39.188034+00:00,3385.719,SELL,0.02,HEDGE_LAYER
20250612_200939,2025-06-12T14:39:39.188034+00:00,3386.737,BUY,0.03,HEDGE_LAYER
20250612_200939,2025-06-12T14:39:39.188034+00:00,3386.344,SELL,0.02,AUTO_LOCK_4TH_ENTRY
20250612_200939,2025-06-12T14:39:39.188034+00:00,3386.977,BUY,0.01,RECOVERY_SNIPER
20250612_200939,2025-06-12T14:39:39.188034+00:00,3385.988,SELL,0.02,RECOVERY_HEDGE
20250612_200939,2025-06-12T14:39:39.188034+00:00,3387.015,BUY,0.03,RECOVERY_RESTACK
20250612_204032,2025-06-12T15:10:32.251958+00:00,3386.031,SELL,0.01,VP_ENTRY
20250612_204032,2025-06-12T15:10:32.251958+00:00,3386.911,BUY,0.02,HEDGE_LAYER
20250612_204032,2025-06-12T15:10:32.251958+00:00,3385.887,SELL,0.03,HEDGE_LAYER
20250612_204032,2025-06-12T15:10:32.251958+00:00,3386.139,BUY,0.02,AUTO_LOCK_4TH_ENTRY
20250612_204032,2025-06-12T15:10:32.251958+00:00,3386.139,SELL,0.01,RECOVERY_SNIPER
20250612_204032,2025-06-12T15:10:32.251958+00:00,3386.557,BUY,0.01,RECOVERY_SNIPER
20250612_204032,2025-06-12T15:10:32.251958+00:00,3387.219,BUY,0.01,RECOVERY_SNIPER
20250612_204032,2025-06-12T15:10:32.251958+00:00,3388.1,SELL,0.01,RECOVERY_SNIPER
20250612_204032,2025-06-12T15:10:32.251958+00:00,3387.673,BUY,0.01,RECOVERY_SNIPER
20250612_204032,2025-06-12T15:10:32.251958+00:00,3388.964,SELL,0.01,RECOVERY_SNIPER
20250612_204032,2025-06-12T15:10:32.251958+00:00,3384.278,SELL,0.01,RECOVERY_SNIPER
20250612_204032,2025-06-12T15:10:32.251958+00:00,3383.381,BUY,0.01,RECOVERY_SNIPER
20250612_204032,2025-06-12T15:10:32.251958+00:00,3382.065,SELL,0.01,RECOVERY_SNIPER
20250612_204032,2025-06-12T15:10:32.251958+00:00,3382.904,BUY,0.02,RECOVERY_HEDGE
20250612_204032,2025-06-12T15:10:32.251958+00:00,3381.882,SELL,0.03,RECOVERY_RESTACK
20250612_204311,2025-06-12T15:13:11.675865+00:00,3382.022,SELL,0.01,VP_ENTRY
20250612_204311,2025-06-12T15:13:11.675865+00:00,3382.364,BUY,0.01,LOCK_INTO_RANGE
20250612_204311,2025-06-12T15:13:11.675865+00:00,3382.23,SELL,0.01,RECOVERY_SNIPER
20250612_204311,2025-06-12T15:13:11.675865+00:00,3381.307,SELL,0.01,RECOVERY_SNIPER
20250612_204311,2025-06-12T15:13:11.675865+00:00,3380.785,SELL,0.01,RECOVERY_SNIPER
20250612_205118,2025-06-12T15:21:18.217919+00:00,3383.327,BUY,0.02,HEDGE_LAYER
20250612_205122,2025-06-12T15:21:22.622192+00:00,3384.248,BUY,0.01,VP_ENTRY
20250612_205128,2025-06-12T15:21:28.076469+00:00,3384.969,BUY,0.01,VP_ENTRY
20250612_205138,2025-06-12T15:21:38.550990+00:00,3385.378,BUY,0.01,VP_ENTRY
20250612_205153,2025-06-12T15:21:53.064910+00:00,3385.801,BUY,0.01,VP_ENTRY
20250612_210054,2025-06-12T15:30:54.301272+00:00,3386.032,BUY,0.01,VP_ENTRY
20250612_210054,2025-06-12T15:30:54.301272+00:00,3384.992,SELL,0.02,HEDGE_LAYER
20250612_210054,2025-06-12T15:30:54.301272+00:00,3386.246,BUY,0.03,HEDGE_LAYER
20250612_210054,2025-06-12T15:30:54.301272+00:00,3386.363,SELL,0.02,AUTO_LOCK_4TH_ENTRY
20250612_210054,2025-06-12T15:30:54.301272+00:00,3385.388,BUY,0.01,RECOVERY_SNIPER
20250612_210054,2025-06-12T15:30:54.301272+00:00,3387.174,BUY,0.01,RECOVERY_SNIPER
20250612_210054,2025-06-12T15:30:54.301272+00:00,3387.953,SELL,0.01,RECOVERY_SNIPER
20250612_210054,2025-06-12T15:30:54.301272+00:00,3388.205,SELL,0.01,RECOVERY_SNIPER
20250612_210054,2025-06-12T15:30:54.301272+00:00,3387.999,SELL,0.01,RECOVERY_SNIPER
20250612_210054,2025-06-12T15:30:54.301272+00:00,3386.984,SELL,0.01,RECOVERY_SNIPER
20250612_210054,2025-06-12T15:30:54.301272+00:00,3387.768,BUY,0.02,RECOVERY_HEDGE
20250612_210054,2025-06-12T15:30:54.301272+00:00,3389.278,BUY,0.01,RECOVERY_SNIPER
20250612_210054,2025-06-12T15:30:54.301272+00:00,3388.56,SELL,0.02,RECOVERY_HEDGE
20250612_210054,2025-06-12T15:30:54.301272+00:00,3389.5370000000003,BUY,0.03,RECOVERY_RESTACK
20250613_101616,2025-06-13T04:46:16.348052+00:00,3428.989,SELL,0.01,VP_ENTRY
20250613_103117,2025-06-13T05:01:17.731911+00:00,3428.686,BUY,0.01,VP_ENTRY
20250613_103117,2025-06-13T05:01:17.731911+00:00,3427.679,SELL,0.02,HEDGE_LAYER
20250613_103117,2025-06-13T05:01:17.731911+00:00,3427.178,BUY,0.01,LOCK_INTO_RANGE
20250613_103117,2025-06-13T05:01:17.731911+00:00,3425.473,SELL,0.01,RECOVERY_SNIPER
20250613_103117,2025-06-13T05:01:17.731911+00:00,3426.159,BUY,0.02,RECOVERY_HEDGE
20250613_103117,2025-06-13T05:01:17.731911+00:00,3425.096,SELL,0.03,RECOVERY_RESTACK
20250613_103308,2025-06-13T05:03:08.987718+00:00,3423.369,BUY,0.01,VP_ENTRY
20250613_103327,2025-06-13T05:03:27.707892+00:00,3424.134,BUY,0.01,VP_ENTRY
20250613_103441,2025-06-13T05:04:41.363265+00:00,3424.286,BUY,0.01,VP_ENTRY
20250613_103448,2025-06-13T05:04:48.974360+00:00,3424.702,BUY,0.01,VP_ENTRY
20250613_103557,2025-06-13T05:05:57.557109+00:00,3425.259,BUY,0.01,VP_ENTRY
20250613_103606,2025-06-13T05:06:06.134035+00:00,3425.878,BUY,0.01,VP_ENTRY
20250613_103639,2025-06-13T05:06:39.242492+00:00,3426.798,BUY,0.01,VP_ENTRY
20250613_103648,2025-06-13T05:06:48.852232+00:00,3427.34,BUY,0.01,VP_ENTRY
20250613_103722,2025-06-13T05:07:22.885270+00:00,3427.856,BUY,0.01,VP_ENTRY
20250613_103838,2025-06-13T05:08:38.577081+00:00,3428.658,SELL,0.01,VP_ENTRY
20250613_103841,2025-06-13T05:08:41.054045+00:00,3427.93,SELL,0.01,VP_ENTRY
20250613_103943,2025-06-13T05:09:43.551331+00:00,3427.51,SELL,0.01,VP_ENTRY
20250613_104007,2025-06-13T05:10:07.313001+00:00,3427.002,BUY,0.01,VP_ENTRY
20250613_104103,2025-06-13T05:11:03.904030+00:00,3426.557,BUY,0.01,VP_ENTRY
20250613_104110,2025-06-13T05:11:10.021659+00:00,3427.072,SELL,0.01,VP_ENTRY
20250613_104432,2025-06-13T05:14:32.174905+00:00,3428.105,BUY,0.01,VP_ENTRY
20250613_104432,2025-06-13T05:14:32.174905+00:00,3426.878,SELL,0.02,HEDGE_LAYER
20250613_104435,2025-06-13T05:14:35.008995+00:00,3424.655,BUY,0.01,VP_ENTRY
20250613_104518,2025-06-13T05:15:18.186480+00:00,3425.29,BUY,0.01,VP_ENTRY
20250613_110554,2025-06-13T05:35:54.193162+00:00,3425.543,BUY,0.01,VP_ENTRY
20250613_110554,2025-06-13T05:35:54.193162+00:00,3424.609,SELL,0.02,HEDGE_LAYER
20250613_110554,2025-06-13T05:35:54.193162+00:00,3425.908,BUY,0.03,HEDGE_LAYER
20250613_110554,2025-06-13T05:35:54.193162+00:00,3425.606,SELL,0.02,AUTO_LOCK_4TH_ENTRY
20250613_110554,2025-06-13T05:35:54.193162+00:00,3425.742,SELL,0.01,RECOVERY_SNIPER
20250613_110554,2025-06-13T05:35:54.193162+00:00,3423.758,SELL,0.01,RECOVERY_SNIPER
20250613_110554,2025-06-13T05:35:54.193162+00:00,3423.36,SELL,0.01,RECOVERY_SNIPER
20250613_110554,2025-06-13T05:35:54.193162+00:00,3422.83,BUY,0.01,RECOVERY_SNIPER
20250613_110554,2025-06-13T05:35:54.193162+00:00,3421.814,SELL,0.02,RECOVERY_HEDGE
20250613_110554,2025-06-13T05:35:54.193162+00:00,3422.822,BUY,0.03,RECOVERY_RESTACK
20250613_125508,2025-06-13T07:25:08.077167+00:00,3422.01,BUY,0.01,VP_ENTRY
20250613_125508,2025-06-13T07:25:08.077167+00:00,3420.943,SELL,0.02,HEDGE_LAYER
20250613_125508,2025-06-13T07:25:08.077167+00:00,3421.963,BUY,0.03,HEDGE_LAYER
20250613_125508,2025-06-13T07:25:08.077167+00:00,3421.671,SELL,0.02,AUTO_LOCK_4TH_ENTRY
20250613_125508,2025-06-13T07:25:08.077167+00:00,3422.282,BUY,0.01,RECOVERY_SNIPER
20250613_125508,2025-06-13T07:25:08.077167+00:00,3422.835,BUY,0.01,RECOVERY_SNIPER
20250613_125508,2025-06-13T07:25:08.077167+00:00,3423.644,BUY,0.01,RECOVERY_SNIPER
20250613_125508,2025-06-13T07:25:08.077167+00:00,3422.63,SELL,0.02,RECOVERY_HEDGE
20250613_125508,2025-06-13T07:25:08.077167+00:00,3423.647,BUY,0.03,RECOVERY_RESTACK
20250613_125508,2025-06-13T07:25:08.077167+00:00,3414.508,BUY,0.01,RECOVERY_SNIPER
20250613_125508,2025-06-13T07:25:08.077167+00:00,3416.586,BUY,0.01,RECOVERY_SNIPER
20250613_125508,2025-06-13T07:25:08.077167+00:00,3415.152,BUY,0.01,RECOVERY_SNIPER
20250613_125508,2025-06-13T07:25:08.077167+00:00,3414.188,SELL,0.02,RECOVERY_HEDGE
20250613_125931,2025-06-13T07:29:31.343466+00:00,3414.142,SELL,0.01,VP_ENTRY
20250613_125931,2025-06-13T07:29:31.343466+00:00,3415.089,BUY,0.02,HEDGE_LAYER
20250613_125931,2025-06-13T07:29:31.343466+00:00,3416.151,SELL,0.01,LOCK_INTO_RANGE
20250613_125931,2025-06-13T07:29:31.343466+00:00,3417.465,SELL,0.01,RECOVERY_SNIPER
20250613_125931,2025-06-13T07:29:31.343466+00:00,3417.489,BUY,0.01,RECOVERY_SNIPER
20250613_125931,2025-06-13T07:29:31.343466+00:00,3416.483,SELL,0.02,RECOVERY_HEDGE
20250613_160406,2025-06-13T10:34:06.102797+00:00,3421.283,SELL,0.01,VP_ENTRY
20250613_160406,2025-06-13T10:34:06.102797+00:00,3422.293,BUY,0.02,HEDGE_LAYER
20250613_160406,2025-06-13T10:34:06.102797+00:00,3421.174,SELL,0.03,HEDGE_LAYER
20250613_160406,2025-06-13T10:34:06.102797+00:00,3421.402,BUY,0.02,AUTO_LOCK_4TH_ENTRY
20250613_160406,2025-06-13T10:34:06.102797+00:00,3422.654,SELL,0.01,RECOVERY_SNIPER
20250613_160406,2025-06-13T10:34:06.102797+00:00,3423.499,BUY,0.02,RECOVERY_HEDGE
20250613_160406,2025-06-13T10:34:06.102797+00:00,3422.544,SELL,0.03,RECOVERY_RESTACK
20250613_160417,2025-06-13T10:34:17.214167+00:00,3419.174,SELL,0.01,VP_ENTRY
20250613_160502,2025-06-13T10:35:02.685701+00:00,3418.507,SELL,0.01,VP_ENTRY
20250613_162235,2025-06-13T10:52:35.187166+00:00,3416.489,BUY,0.01,VP_ENTRY
20250613_162235,2025-06-13T10:52:35.187166+00:00,3415.311,SELL,0.02,HEDGE_LAYER
20250613_162235,2025-06-13T10:52:35.187166+00:00,3416.367,BUY,0.03,HEDGE_LAYER
20250613_162235,2025-06-13T10:52:35.187166+00:00,3415.93,SELL,0.02,AUTO_LOCK_4TH_ENTRY
20250613_162235,2025-06-13T10:52:35.187166+00:00,3415.172,BUY,0.01,RECOVERY_SNIPER
20250613_162235,2025-06-13T10:52:35.187166+00:00,3416.76,BUY,0.01,RECOVERY_SNIPER
20250613_162235,2025-06-13T10:52:35.187166+00:00,3416.372,SELL,0.01,RECOVERY_SNIPER
20250613_162235,2025-06-13T10:52:35.187166+00:00,3415.736,SELL,0.01,RECOVERY_SNIPER
20250613_162235,2025-06-13T10:52:35.187166+00:00,3415.154,SELL,0.01,RECOVERY_SNIPER
20250613_162235,2025-06-13T10:52:35.187166+00:00,3414.23,SELL,0.01,RECOVERY_SNIPER
20250613_162235,2025-06-13T10:52:35.187166+00:00,3415.358,BUY,0.02,RECOVERY_HEDGE
20250613_162235,2025-06-13T10:52:35.187166+00:00,3417.018,SELL,0.01,RECOVERY_SNIPER
20250613_162235,2025-06-13T10:52:35.187166+00:00,3416.646,SELL,0.01,RECOVERY_SNIPER
20250613_162235,2025-06-13T10:52:35.187166+00:00,3416.529,BUY,0.01,RECOVERY_SNIPER
20250613_162235,2025-06-13T10:52:35.187166+00:00,3417.076,BUY,0.01,RECOVERY_SNIPER
20250613_162235,2025-06-13T10:52:35.187166+00:00,3415.848,SELL,0.02,RECOVERY_HEDGE
20250613_162235,2025-06-13T10:52:35.187166+00:00,3413.624,BUY,0.01,RECOVERY_SNIPER
20250613_162235,2025-06-13T10:52:35.187166+00:00,3412.231,SELL,0.02,RECOVERY_HEDGE
20250613_162235,2025-06-13T10:52:35.187166+00:00,3413.557,BUY,0.03,RECOVERY_RESTACK
20250613_162253,2025-06-13T10:52:53.126852+00:00,3412.289,BUY,0.01,VP_ENTRY
20250613_162335,2025-06-13T10:53:35.888539+00:00,3412.993,BUY,0.01,VP_ENTRY
20250613_162750,2025-06-13T10:57:50.922998+00:00,3416.5,SELL,0.01,VP_ENTRY
20250613_162750,2025-06-13T10:57:50.922998+00:00,3416.183,BUY,0.01,LOCK_INTO_RANGE
20250613_162750,2025-06-13T10:57:50.922998+00:00,3416.253,BUY,0.01,RECOVERY_SNIPER
20250613_163330,2025-06-13T11:03:30.727043+00:00,3416.9,BUY,0.01,VP_ENTRY
20250613_163330,2025-06-13T11:03:30.727043+00:00,3416.205,SELL,0.01,LOCK_INTO_RANGE
20250613_163330,2025-06-13T11:03:30.727043+00:00,3416.02,BUY,0.01,RECOVERY_SNIPER
20250613_163330,2025-06-13T11:03:30.727043+00:00,3415.085,SELL,0.01,RECOVERY_SNIPER
20250613_163330,2025-06-13T11:03:30.727043+00:00,3414.557,SELL,0.01,RECOVERY_SNIPER
20250613_163330,2025-06-13T11:03:30.727043+00:00,3413.754,BUY,0.01,RECOVERY_SNIPER
20250613_163330,2025-06-13T11:03:30.727043+00:00,3412.723,SELL,0.02,RECOVERY_HEDGE
20250613_163330,2025-06-13T11:03:30.727043+00:00,3413.832,BUY,0.03,RECOVERY_RESTACK
20250613_163404,2025-06-13T11:04:04.859185+00:00,3415.792,BUY,0.01,VP_ENTRY
20250613_163410,2025-06-13T11:04:10.621493+00:00,3416.323,BUY,0.01,VP_ENTRY
20250613_165730,2025-06-13T11:27:30.632379+00:00,3419.815,SELL,0.01,VP_ENTRY
20250613_172752,2025-06-13T11:57:52.217152+00:00,3419.104,SELL,0.01,VP_ENTRY
20250613_172752,2025-06-13T11:57:52.217152+00:00,3420.28,BUY,0.02,HEDGE_LAYER
20250613_172752,2025-06-13T11:57:52.217152+00:00,3420.516,SELL,0.01,LOCK_INTO_RANGE
20250613_172752,2025-06-13T11:57:52.217152+00:00,3422.078,BUY,0.01,RECOVERY_SNIPER
20250613_172752,2025-06-13T11:57:52.217152+00:00,3421.879,SELL,0.01,RECOVERY_SNIPER
20250613_172752,2025-06-13T11:57:52.217152+00:00,3421.594,SELL,0.01,RECOVERY_SNIPER
20250613_172752,2025-06-13T11:57:52.217152+00:00,3421.124,SELL,0.01,RECOVERY_SNIPER
20250613_172752,2025-06-13T11:57:52.217152+00:00,3420.382,SELL,0.01,RECOVERY_SNIPER
20250613_172752,2025-06-13T11:57:52.217152+00:00,3421.224,BUY,0.02,RECOVERY_HEDGE
20250613_172752,2025-06-13T11:57:52.217152+00:00,3420.245,SELL,0.03,RECOVERY_RESTACK
20250613_173103,2025-06-13T12:01:03.466101+00:00,3423.38,SELL,0.01,VP_ENTRY
20250613_173249,2025-06-13T12:02:49.795078+00:00,3423.271,SELL,0.01,VP_ENTRY
20250613_173249,2025-06-13T12:02:49.795078+00:00,3423.236,BUY,0.01,LOCK_INTO_RANGE
20250613_173249,2025-06-13T12:02:49.795078+00:00,3423.58,SELL,0.01,RECOVERY_SNIPER
20250613_173813,2025-06-13T12:08:13.690736+00:00,3426.155,SELL,0.01,VP_ENTRY
20250613_173843,2025-06-13T12:08:43.175446+00:00,3425.464,SELL,0.01,VP_ENTRY
20250613_173847,2025-06-13T12:08:47.662393+00:00,3424.995,BUY,0.01,VP_ENTRY
20250613_173949,2025-06-13T12:09:49.802216+00:00,3425.113,SELL,0.01,VP_ENTRY
20250613_174039,2025-06-13T12:10:39.756201+00:00,3423.594,SELL,0.01,VP_ENTRY
20250613_175558,2025-06-13T12:25:58.482664+00:00,3423.185,SELL,0.01,VP_ENTRY
20250613_175558,2025-06-13T12:25:58.482664+00:00,3423.612,BUY,0.01,LOCK_INTO_RANGE
20250613_175558,2025-06-13T12:25:58.482664+00:00,3423.586,SELL,0.01,RECOVERY_SNIPER
20250613_175558,2025-06-13T12:25:58.482664+00:00,3424.491,BUY,0.02,RECOVERY_HEDGE
20250613_175558,2025-06-13T12:25:58.482664+00:00,3423.419,SELL,0.03,RECOVERY_RESTACK
20250613_175558,2025-06-13T12:25:58.482664+00:00,3425.752,BUY,0.01,RECOVERY_SNIPER
20250613_175641,2025-06-13T12:26:41.590491+00:00,3426.14,BUY,0.01,VP_ENTRY
20250613_175643,2025-06-13T12:26:43.167194+00:00,3426.424,BUY,0.01,VP_ENTRY
20250613_175751,2025-06-13T12:27:51.389281+00:00,3426.966,BUY,0.01,VP_ENTRY
20250613_175807,2025-06-13T12:28:07.026338+00:00,3427.419,BUY,0.01,VP_ENTRY
20250613_180409,2025-06-13T12:34:09.682111+00:00,3426.563,SELL,0.01,VP_ENTRY
20250613_180409,2025-06-13T12:34:09.682111+00:00,3427.582,BUY,0.02,HEDGE_LAYER
20250613_180746,2025-06-13T12:37:46.315299+00:00,3429.281,SELL,0.01,VP_ENTRY
20250613_180746,2025-06-13T12:37:46.315299+00:00,3430.194,BUY,0.02,HEDGE_LAYER
20250613_180746,2025-06-13T12:37:46.315299+00:00,3429.158,SELL,0.03,HEDGE_LAYER
20250613_180746,2025-06-13T12:37:46.315299+00:00,3430.64,BUY,0.04,HEDGE_LAYER
20250613_180805,2025-06-13T12:38:05.988363+00:00,3433.843,BUY,0.01,VP_ENTRY
20250613_180925,2025-06-13T12:39:25.461026+00:00,3432.954,SELL,0.01,VP_ENTRY
20250613_181005,2025-06-13T12:40:05.473778+00:00,3432.578,BUY,0.01,VP_ENTRY
20250613_181138,2025-06-13T12:41:38.900486+00:00,3432.249,SELL,0.01,VP_ENTRY
20250613_181229,2025-06-13T12:42:29.983971+00:00,3432.272,SELL,0.01,VP_ENTRY
20250613_181237,2025-06-13T12:42:37.606529+00:00,3431.698,SELL,0.01,VP_ENTRY
20250613_181502,2025-06-13T12:45:02.703694+00:00,3431.505,SELL,0.01,VP_ENTRY
20250613_183554,2025-06-13T13:05:54.234966+00:00,3432.268,BUY,0.01,LOCK_INTO_RANGE
20250613_183554,2025-06-13T13:05:54.234966+00:00,3433.711,BUY,0.01,RECOVERY_SNIPER
20250613_183554,2025-06-13T13:05:54.234966+00:00,3434.188,SELL,0.01,RECOVERY_SNIPER
20250613_183554,2025-06-13T13:05:54.234966+00:00,3433.902,SELL,0.01,RECOVERY_SNIPER
20250613_183554,2025-06-13T13:05:54.234966+00:00,3434.753,BUY,0.02,RECOVERY_HEDGE
20250613_183554,2025-06-13T13:05:54.234966+00:00,3435.97,BUY,0.01,RECOVERY_SNIPER
20250613_183554,2025-06-13T13:05:54.234966+00:00,3436.527,BUY,0.01,RECOVERY_SNIPER
20250613_183554,2025-06-13T13:05:54.234966+00:00,3437.297,SELL,0.01,RECOVERY_SNIPER
20250613_183554,2025-06-13T13:05:54.234966+00:00,3438.174,BUY,0.02,RECOVERY_HEDGE
20250613_183554,2025-06-13T13:05:54.234966+00:00,3437.077,SELL,0.03,RECOVERY_RESTACK
20250613_183554,2025-06-13T13:05:54.234966+00:00,3439.966,SELL,0.01,RECOVERY_SNIPER
20250613_183554,2025-06-13T13:05:54.234966+00:00,3439.136,SELL,0.01,RECOVERY_SNIPER
20250613_183554,2025-06-13T13:05:54.234966+00:00,3439.054,SELL,0.01,RECOVERY_SNIPER
20250613_183554,2025-06-13T13:05:54.234966+00:00,3440.022,BUY,0.02,RECOVERY_HEDGE
20250613_183554,2025-06-13T13:05:54.234966+00:00,3438.817,SELL,0.03,RECOVERY_RESTACK
20250613_183554,2025-06-13T13:05:54.234966+00:00,3439.041,SELL,0.01,RECOVERY_SNIPER
20250613_183554,2025-06-13T13:05:54.234966+00:00,3438.825,SELL,0.03,RECOVERY_RESTACK
20250613_183729,2025-06-13T13:07:29.128154+00:00,3438.746,SELL,0.01,VP_ENTRY
20250613_183809,2025-06-13T13:08:09.972574+00:00,3438.815,SELL,0.01,VP_ENTRY
20250613_183927,2025-06-13T13:09:27.088393+00:00,3436.594,SELL,0.01,VP_ENTRY
20250613_183935,2025-06-13T13:09:35.596773+00:00,3436.191,BUY,0.01,VP_ENTRY
20250613_193303,2025-06-13T14:03:03.766861+00:00,3437.238,BUY,0.01,VP_ENTRY
20250613_193303,2025-06-13T14:03:03.766861+00:00,3436.227,SELL,0.02,HEDGE_LAYER
20250613_193308,2025-06-13T14:03:08.800218+00:00,3433.998,BUY,0.01,VP_ENTRY
20250613_194541,2025-06-13T14:15:41.594348+00:00,3427.675,SELL,0.01,VP_ENTRY
20250613_194541,2025-06-13T14:15:41.594348+00:00,3429.132,BUY,0.02,HEDGE_LAYER
20250613_194604,2025-06-13T14:16:04.024000+00:00,3430.471,SELL,0.01,VP_ENTRY
20250617_083933,2025-06-17T03:09:33.652414+00:00,3384.755,SELL,0.01,VP_ENTRY
20250617_085132,2025-06-17T03:21:32.693647+00:00,3381.583,SELL,0.01,VP_ENTRY
20250617_085313,2025-06-17T03:23:13.615182+00:00,3380.586,SELL,0.01,VP_ENTRY
20250617_085313,2025-06-17T03:23:13.615182+00:00,3381.749,BUY,0.02,HEDGE_LAYER
20250617_085313,2025-06-17T03:23:13.615182+00:00,3380.733,SELL,0.03,HEDGE_LAYER
20250617_085313,2025-06-17T03:23:13.615182+00:00,3380.216,BUY,0.02,AUTO_LOCK_FORCE
20250617_085313,2025-06-17T03:23:13.615182+00:00,3380.136,SELL,0.01,RECOVERY_SNIPER
20250617_085319,2025-06-17T03:23:19.416112+00:00,3374.953,BUY,0.01,VP_ENTRY
20250617_085322,2025-06-17T03:23:22.479736+00:00,3375.735,BUY,0.01,VP_ENTRY
20250617_085943,2025-06-17T03:29:43.038944+00:00,3384.517,BUY,0.01,VP_ENTRY
20250617_085945,2025-06-17T03:29:45.490448+00:00,3385.036,BUY,0.01,VP_ENTRY
20250617_085950,2025-06-17T03:29:50.001484+00:00,3385.383,BUY,0.01,VP_ENTRY
20250617_090820,2025-06-17T03:38:20.916966+00:00,3387.125,BUY,0.01,VP_ENTRY
20250617_090916,2025-06-17T03:39:16.883432+00:00,3387.221,SELL,0.01,VP_ENTRY
20250617_090926,2025-06-17T03:39:26.421035+00:00,3386.852,BUY,0.01,VP_ENTRY
20250617_143858,2025-06-17T09:08:58.876741+00:00,3381.798,SELL,0.01,VP_ENTRY
20250617_143858,2025-06-17T09:08:58.876741+00:00,3382.539,BUY,0.01,LOCK_INTO_RANGE
20250617_143858,2025-06-17T09:08:58.876741+00:00,3381.653,BUY,0.01,RECOVERY_SNIPER
20250617_143858,2025-06-17T09:08:58.876741+00:00,3380.866,BUY,0.01,RECOVERY_SNIPER
20250617_143858,2025-06-17T09:08:58.876741+00:00,3379.882,SELL,0.02,RECOVERY_HEDGE
20250617_143858,2025-06-17T09:08:58.876741+00:00,3378.325,SELL,0.01,RECOVERY_SNIPER
20250617_143858,2025-06-17T09:08:58.876741+00:00,3379.435,BUY,0.02,RECOVERY_HEDGE
20250617_143858,2025-06-17T09:08:58.876741+00:00,3378.0860000000002,SELL,0.03,RECOVERY_RESTACK
20250617_144320,2025-06-17T09:13:20.902777+00:00,3376.01,BUY,0.01,VP_ENTRY
20250617_144355,2025-06-17T09:13:55.651599+00:00,3379.432,BUY,0.01,VP_ENTRY
20250617_144506,2025-06-17T09:15:06.051218+00:00,3380.705,SELL,0.01,VP_ENTRY
20250617_145908,2025-06-17T09:29:08.115280+00:00,3379.464,SELL,0.01,VP_ENTRY
20250617_145908,2025-06-17T09:29:08.115280+00:00,3380.89,BUY,0.02,HEDGE_LAYER
20250617_145908,2025-06-17T09:29:08.115280+00:00,3379.831,SELL,0.03,HEDGE_LAYER
20250617_145908,2025-06-17T09:29:08.115280+00:00,3380.006,BUY,0.02,AUTO_LOCK_4TH_ENTRY
20250617_145908,2025-06-17T09:29:08.115280+00:00,3380.006,BUY,0.01,RECOVERY_SNIPER
20250617_145908,2025-06-17T09:29:08.115280+00:00,3379.962,BUY,0.01,RECOVERY_SNIPER
20250617_145908,2025-06-17T09:29:08.115280+00:00,3381.16,BUY,0.01,RECOVERY_SNIPER
20250617_145908,2025-06-17T09:29:08.115280+00:00,3379.979,SELL,0.02,RECOVERY_HEDGE
20250617_145908,2025-06-17T09:29:08.115280+00:00,3381.235,BUY,0.03,RECOVERY_RESTACK
20250617_145908,2025-06-17T09:29:08.115280+00:00,3383.125,SELL,0.01,RECOVERY_SNIPER
20250617_145908,2025-06-17T09:29:08.115280+00:00,3382.728,SELL,0.01,RECOVERY_SNIPER
20250617_145908,2025-06-17T09:29:08.115280+00:00,3382.234,BUY,0.01,RECOVERY_SNIPER
20250617_145908,2025-06-17T09:29:08.115280+00:00,3382.555,SELL,0.01,RECOVERY_SNIPER
20250617_145908,2025-06-17T09:29:08.115280+00:00,3381.996,SELL,0.01,RECOVERY_SNIPER
20250617_145934,2025-06-17T09:29:34.620433+00:00,3380.786,SELL,0.01,VP_ENTRY
20250617_150134,2025-06-17T09:31:34.590995+00:00,3380.423,BUY,0.01,VP_ENTRY
20250617_150134,2025-06-17T09:31:34.590995+00:00,3379.363,SELL,0.02,HEDGE_LAYER
20250617_150134,2025-06-17T09:31:34.590995+00:00,3380.47,BUY,0.03,HEDGE_LAYER
20250617_150134,2025-06-17T09:31:34.590995+00:00,3380.26,SELL,0.02,AUTO_LOCK_4TH_ENTRY
20250617_150142,2025-06-17T09:31:42.780396+00:00,3380.87,SELL,0.01,VP_ENTRY
20250617_152534,2025-06-17T09:55:34.776158+00:00,3380.373,SELL,0.01,VP_ENTRY
20250617_152534,2025-06-17T09:55:34.776158+00:00,3381.696,BUY,0.02,HEDGE_LAYER
20250617_152534,2025-06-17T09:55:34.776158+00:00,3381.049,SELL,0.03,HEDGE_LAYER
20250617_152534,2025-06-17T09:55:34.776158+00:00,3380.829,BUY,0.02,AUTO_LOCK_4TH_ENTRY
20250617_152534,2025-06-17T09:55:34.776158+00:00,3380.805,BUY,0.01,RECOVERY_SNIPER
20250617_152534,2025-06-17T09:55:34.776158+00:00,3380.966,BUY,0.01,RECOVERY_SNIPER
20250617_152534,2025-06-17T09:55:34.776158+00:00,3379.941,SELL,0.02,RECOVERY_HEDGE
20250617_152534,2025-06-17T09:55:34.776158+00:00,3381.051,BUY,0.03,RECOVERY_RESTACK
20250617_152534,2025-06-17T09:55:34.776158+00:00,3383.287,BUY,0.01,RECOVERY_SNIPER
20250617_152534,2025-06-17T09:55:34.776158+00:00,3382.485,SELL,0.02,RECOVERY_HEDGE
20250617_152534,2025-06-17T09:55:34.776158+00:00,3381.853,SELL,0.01,RECOVERY_SNIPER
20250617_152534,2025-06-17T09:55:34.776158+00:00,3382.767,BUY,0.02,RECOVERY_HEDGE
20250617_152534,2025-06-17T09:55:34.776158+00:00,3384.22,BUY,0.01,RECOVERY_SNIPER
20250617_152546,2025-06-17T09:55:46.138386+00:00,3384.659,BUY,0.01,VP_ENTRY
20250617_152634,2025-06-17T09:56:34.265239+00:00,3385.145,SELL,0.01,VP_ENTRY
20250617_152813,2025-06-17T09:58:13.311384+00:00,3384.642,SELL,0.01,VP_ENTRY
20250617_152813,2025-06-17T09:58:13.311384+00:00,3384.692,BUY,0.01,LOCK_INTO_RANGE
20250617_152813,2025-06-17T09:58:13.311384+00:00,3384.775,SELL,0.01,RECOVERY_SNIPER
20250617_154533,2025-06-17T10:15:33.184169+00:00,3393.084,SELL,0.01,VP_ENTRY
20250617_160924,2025-06-17T10:39:24.800612+00:00,3396.296,BUY,0.01,VP_ENTRY
20250617_160924,2025-06-17T10:39:24.800612+00:00,3396.096,SELL,0.02,HEDGE_LAYER
20250617_160924,2025-06-17T10:39:24.800612+00:00,3396.696,BUY,0.03,HEDGE_LAYER
20250617_160924,2025-06-17T10:39:24.800612+00:00,3397.022,SELL,0.02,AUTO_LOCK_4TH_ENTRY
20250617_164057,2025-06-17T11:10:57.484185+00:00,3394.838,SELL,0.01,VP_ENTRY
20250617_164057,2025-06-17T11:10:57.484185+00:00,3395.583,BUY,0.01,LOCK_INTO_RANGE
20250617_164057,2025-06-17T11:10:57.484185+00:00,3397.254,SELL,0.01,RECOVERY_SNIPER
20250617_164057,2025-06-17T11:10:57.484185+00:00,3397.958,BUY,0.02,RECOVERY_HEDGE
20250617_164057,2025-06-17T11:10:57.484185+00:00,3399.405,SELL,0.01,RECOVERY_SNIPER
20250617_164057,2025-06-17T11:10:57.484185+00:00,3398.504,BUY,0.01,RECOVERY_SNIPER
20250617_164057,2025-06-17T11:10:57.484185+00:00,3397.496,SELL,0.02,RECOVERY_HEDGE
20250617_164057,2025-06-17T11:10:57.484185+00:00,3398.576,BUY,0.03,RECOVERY_RESTACK
20250617_164103,2025-06-17T11:11:03.162729+00:00,3400.041,SELL,0.01,VP_ENTRY
20250617_164155,2025-06-17T11:11:55.170537+00:00,3398.587,SELL,0.01,VP_ENTRY
20250617_164226,2025-06-17T11:12:26.812690+00:00,3397.826,SELL,0.01,VP_ENTRY
20250617_164249,2025-06-17T11:12:49.874135+00:00,3397.26,SELL,0.01,VP_ENTRY
20250617_164249,2025-06-17T11:12:49.874135+00:00,3397.157,BUY,0.01,LOCK_INTO_RANGE
20250617_164249,2025-06-17T11:12:49.874135+00:00,3397.421,SELL,0.01,RECOVERY_SNIPER
20250617_184046,2025-06-17T13:10:46.109262+00:00,3391.461,SELL,0.01,VP_ENTRY
20250617_192210,2025-06-17T13:52:10.091596+00:00,3389.536,BUY,0.01,VP_ENTRY
20250617_192234,2025-06-17T13:52:34.091010+00:00,3389.362,SELL,0.01,VP_ENTRY
20250617_192327,2025-06-17T13:53:27.806222+00:00,3388.937,SELL,0.01,VP_ENTRY
20250617_193533,2025-06-17T14:05:33.211565+00:00,3388.419,SELL,0.01,VP_ENTRY
20250617_193533,2025-06-17T14:05:33.211565+00:00,3391.554,BUY,0.01,LOCK_INTO_RANGE
20250617_193533,2025-06-17T14:05:33.211565+00:00,3392.137,BUY,0.01,RECOVERY_SNIPER
20250617_193533,2025-06-17T14:05:33.211565+00:00,3393.115,BUY,0.01,RECOVERY_SNIPER
20250617_193533,2025-06-17T14:05:33.211565+00:00,3392.032,SELL,0.02,RECOVERY_HEDGE
20250617_193533,2025-06-17T14:05:33.211565+00:00,3390.619,SELL,0.01,RECOVERY_SNIPER
20250617_193533,2025-06-17T14:05:33.211565+00:00,3391.345,BUY,0.02,RECOVERY_HEDGE
20250617_193533,2025-06-17T14:05:33.211565+00:00,3390.243,SELL,0.03,RECOVERY_RESTACK
20250617_193533,2025-06-17T14:05:33.211565+00:00,3388.76,SELL,0.01,RECOVERY_SNIPER
20250617_193533,2025-06-17T14:05:33.211565+00:00,3389.699,SELL,0.01,RECOVERY_SNIPER
20250617_193533,2025-06-17T14:05:33.211565+00:00,3388.271,SELL,0.01,RECOVERY_SNIPER
20250617_193533,2025-06-17T14:05:33.211565+00:00,3387.021,SELL,0.01,RECOVERY_SNIPER
20250617_193537,2025-06-17T14:05:37.842231+00:00,3385.13,SELL,0.01,VP_ENTRY
20250617_193741,2025-06-17T14:07:41.250452+00:00,3386.921,BUY,0.01,VP_ENTRY
20250617_193907,2025-06-17T14:09:07.578037+00:00,3387.375,BUY,0.01,VP_ENTRY
20250617_194339,2025-06-17T14:13:39.928020+00:00,3389.404,SELL,0.01,VP_ENTRY
20250617_195355,2025-06-17T14:23:55.801743+00:00,3386.028,BUY,0.01,VP_ENTRY
20250617_195401,2025-06-17T14:24:01.222186+00:00,3386.905,BUY,0.01,VP_ENTRY
20250617_200047,2025-06-17T14:30:47.229644+00:00,3387.864,BUY,0.01,VP_ENTRY
20250617_200047,2025-06-17T14:30:47.229644+00:00,3386.864,SELL,0.02,HEDGE_LAYER
20250617_200047,2025-06-17T14:30:47.229644+00:00,3386.811,BUY,0.01,LOCK_INTO_RANGE
20250617_200047,2025-06-17T14:30:47.229644+00:00,3384.79,BUY,0.01,RECOVERY_SNIPER
20250617_200047,2025-06-17T14:30:47.229644+00:00,3383.412,SELL,0.02,RECOVERY_HEDGE
20250617_200047,2025-06-17T14:30:47.229644+00:00,3382.196,SELL,0.01,RECOVERY_SNIPER
20250617_200047,2025-06-17T14:30:47.229644+00:00,3380.671,SELL,0.01,RECOVERY_SNIPER
20250617_200047,2025-06-17T14:30:47.229644+00:00,3381.73,BUY,0.02,RECOVERY_HEDGE
20250617_200047,2025-06-17T14:30:47.229644+00:00,3382.934,SELL,0.01,RECOVERY_SNIPER
20250617_200047,2025-06-17T14:30:47.229644+00:00,3383.891,BUY,0.02,RECOVERY_HEDGE
20250617_200047,2025-06-17T14:30:47.229644+00:00,3382.689,SELL,0.03,RECOVERY_RESTACK
20250617_200332,2025-06-17T14:33:32.257321+00:00,3380.969,BUY,0.01,VP_ENTRY
20250617_200332,2025-06-17T14:33:32.257321+00:00,3379.969,SELL,0.02,HEDGE_LAYER
20250617_200336,2025-06-17T14:33:36.901950+00:00,3377.623,SELL,0.01,VP_ENTRY
20250617_200341,2025-06-17T14:33:41.449830+00:00,3376.963,SELL,0.01,VP_ENTRY
20250617_200354,2025-06-17T14:33:54.989587+00:00,3376.573,SELL,0.01,VP_ENTRY
20250617_200521,2025-06-17T14:35:21.294769+00:00,3376.306,BUY,0.01,VP_ENTRY
20250617_200521,2025-06-17T14:35:21.294769+00:00,3375.306,SELL,0.02,HEDGE_LAYER
20250617_200526,2025-06-17T14:35:26.416840+00:00,3374.26,SELL,0.01,VP_ENTRY
20250617_201223,2025-06-17T14:42:23.439533+00:00,3373.135,SELL,0.01,VP_ENTRY
20250617_201223,2025-06-17T14:42:23.439533+00:00,3374.135,BUY,0.02,HEDGE_LAYER
20250617_201242,2025-06-17T14:42:42.493359+00:00,3376.208,SELL,0.01,VP_ENTRY
20250617_201329,2025-06-17T14:43:29.058473+00:00,3375.35,SELL,0.01,VP_ENTRY
20250617_201329,2025-06-17T14:43:29.058473+00:00,3376.35,BUY,0.02,HEDGE_LAYER
20250617_201329,2025-06-17T14:43:29.058473+00:00,3375.349,SELL,0.02,REENTRY_STACK
20250617_201329,2025-06-17T14:43:29.058473+00:00,3375.066,BUY,0.01,AUTO_LOCK_4TH_ENTRY
20250617_201329,2025-06-17T14:43:29.058473+00:00,3375.066,SELL,0.01,RECOVERY_SNIPER
20250617_201329,2025-06-17T14:43:29.058473+00:00,3374.504,SELL,0.01,RECOVERY_SNIPER
20250617_201329,2025-06-17T14:43:29.058473+00:00,3374.04,SELL,0.01,RECOVERY_SNIPER
20250617_201331,2025-06-17T14:43:31.132342+00:00,3373.467,SELL,0.01,VP_ENTRY
20250617_201926,2025-06-17T14:49:26.881295+00:00,3375.84,SELL,0.01,VP_ENTRY
20250617_201926,2025-06-17T14:49:26.881295+00:00,3376.84,BUY,0.02,HEDGE_LAYER
20250617_201934,2025-06-17T14:49:34.925366+00:00,3379.273,SELL,0.01,VP_ENTRY
20250617_202014,2025-06-17T14:50:14.102775+00:00,3378.598,SELL,0.01,VP_ENTRY
20250617_202219,2025-06-17T14:52:19.651653+00:00,3377.762,SELL,0.01,VP_ENTRY
20250617_202219,2025-06-17T14:52:19.651653+00:00,3378.762,BUY,0.02,HEDGE_LAYER
20250617_202228,2025-06-17T14:52:28.661553+00:00,3380.957,BUY,0.01,VP_ENTRY
20250617_202238,2025-06-17T14:52:38.521151+00:00,3381.793,BUY,0.01,VP_ENTRY
20250617_202244,2025-06-17T14:52:44.075709+00:00,3382.209,BUY,0.01,VP_ENTRY
20250617_202245,2025-06-17T14:52:45.535114+00:00,3382.658,BUY,0.01,VP_ENTRY
20250617_202842,2025-06-17T14:58:42.938987+00:00,3383.287,BUY,0.01,VP_ENTRY
20250617_202842,2025-06-17T14:58:42.938987+00:00,3382.287,SELL,0.02,HEDGE_LAYER
20250617_202842,2025-06-17T14:58:42.938987+00:00,3382.59,BUY,0.02,REENTRY_STACK
20250617_202842,2025-06-17T14:58:42.938987+00:00,3383.155,SELL,0.01,AUTO_LOCK_4TH_ENTRY
20250617_202842,2025-06-17T14:58:42.938987+00:00,3383.373,BUY,0.01,RECOVERY_SNIPER
20250617_202842,2025-06-17T14:58:42.938987+00:00,3383.977,BUY,0.01,RECOVERY_SNIPER
20250617_202842,2025-06-17T14:58:42.938987+00:00,3383.839,BUY,0.01,RECOVERY_SNIPER
20250617_202842,2025-06-17T14:58:42.938987+00:00,3384.419,BUY,0.01,RECOVERY_SNIPER
20250617_202842,2025-06-17T14:58:42.938987+00:00,3385.467,BUY,0.01,RECOVERY_SNIPER
20250617_202842,2025-06-17T14:58:42.938987+00:00,3386.236,SELL,0.01,RECOVERY_SNIPER
20250617_203009,2025-06-17T15:00:09.173589+00:00,3385.342,SELL,0.01,VP_ENTRY
20250617_203554,2025-06-17T15:05:54.881804+00:00,3385.587,BUY,0.01,VP_ENTRY
20250617_203554,2025-06-17T15:05:54.881804+00:00,3384.587,SELL,0.02,HEDGE_LAYER
20250617_203554,2025-06-17T15:05:54.881804+00:00,3384.609,BUY,0.02,REENTRY_STACK
20250617_203554,2025-06-17T15:05:54.881804+00:00,3385.477,SELL,0.01,AUTO_LOCK_4TH_ENTRY
20250617_203554,2025-06-17T15:05:54.881804+00:00,3384.816,SELL,0.01,RECOVERY_SNIPER
20250617_203554,2025-06-17T15:05:54.881804+00:00,3385.702,BUY,0.02,RECOVERY_HEDGE
20250617_203554,2025-06-17T15:05:54.881804+00:00,3387.35,BUY,0.01,RECOVERY_SNIPER
20250617_205610,2025-06-17T15:26:10.861019+00:00,3383.053,SELL,0.01,VP_ENTRY
20250617_205723,2025-06-17T15:27:23.438071+00:00,3382.499,BUY,0.01,VP_ENTRY
20250618_104257,2025-06-18T05:12:57.830789+00:00,3382.895,BUY,0.01,ENTRY
20250618_104257,2025-06-18T05:12:57.830789+00:00,3381.8830000000003,SELL,0.02,ENTRY
20250618_104257,2025-06-18T05:12:57.830789+00:00,3382.294,BUY,0.02,ENTRY
20250618_104503,2025-06-18T05:15:03.162394+00:00,3393.501,BUY,0.01,VP_ENTRY
20250618_104917,2025-06-18T05:19:17.153936+00:00,3394.434,SELL,0.01,VP_ENTRY
20250618_104917,2025-06-18T05:19:17.153936+00:00,3394.227,BUY,0.01,LOCK_INTO_RANGE
20250618_105016,2025-06-18T05:20:16.709445+00:00,3394.446,SELL,0.01,VP_ENTRY
20250618_105016,2025-06-18T05:20:16.709445+00:00,3394.517,BUY,0.01,LOCK_INTO_RANGE
20250618_105016,2025-06-18T05:20:16.709445+00:00,3394.715,SELL,0.01,RECOVERY_SNIPER
20250618_105427,2025-06-18T05:24:27.194462+00:00,3394.464,SELL,0.01,VP_ENTRY
20250618_105427,2025-06-18T05:24:27.194462+00:00,3394.472,BUY,0.01,LOCK_INTO_RANGE
20250618_105427,2025-06-18T05:24:27.194462+00:00,3394.755,SELL,0.01,RECOVERY_SNIPER
20250618_105431,2025-06-18T05:24:31.122573+00:00,3394.423,SELL,0.01,VP_ENTRY
20250618_110130,2025-06-18T05:31:30.859842+00:00,3391.928,SELL,0.01,VP_ENTRY
20250618_110130,2025-06-18T05:31:30.859842+00:00,3392.928,BUY,0.02,HEDGE_LAYER
20250618_110130,2025-06-18T05:31:30.859842+00:00,3392.917,SELL,0.02,REENTRY_STACK
20250618_110130,2025-06-18T05:31:30.859842+00:00,3391.978,BUY,0.01,AUTO_LOCK_4TH_ENTRY
20250618_110130,2025-06-18T05:31:30.859842+00:00,3391.843,SELL,0.01,RECOVERY_SNIPER
20250618_110130,2025-06-18T05:31:30.859842+00:00,3390.784,SELL,0.01,RECOVERY_SNIPER
20250618_110130,2025-06-18T05:31:30.859842+00:00,3391.923,BUY,0.02,RECOVERY_HEDGE
20250618_110130,2025-06-18T05:31:30.859842+00:00,3390.727,SELL,0.03,RECOVERY_RESTACK
20250618_120706,2025-06-18T06:37:06.516894+00:00,3389.543,BUY,0.01,VP_ENTRY
20250618_120706,2025-06-18T06:37:06.516894+00:00,3388.543,SELL,0.02,HEDGE_LAYER
20250618_120706,2025-06-18T06:37:06.516894+00:00,3388.761,BUY,0.02,REENTRY_STACK
20250618_120706,2025-06-18T06:37:06.516894+00:00,3389.406,SELL,0.01,AUTO_LOCK_4TH_ENTRY
20250618_120706,2025-06-18T06:37:06.516894+00:00,3389.525,SELL,0.01,RECOVERY_SNIPER
20250618_120706,2025-06-18T06:37:06.516894+00:00,3390.172,BUY,0.02,RECOVERY_HEDGE
20250618_120706,2025-06-18T06:37:06.516894+00:00,3389.0299999999997,SELL,0.03,RECOVERY_RESTACK
20250618_120706,2025-06-18T06:37:06.516894+00:00,3387.551,BUY,0.01,RECOVERY_SNIPER
20250618_120706,2025-06-18T06:37:06.516894+00:00,3386.504,SELL,0.02,RECOVERY_HEDGE
20250618_120706,2025-06-18T06:37:06.516894+00:00,3385.329,SELL,0.01,RECOVERY_SNIPER
20250618_120706,2025-06-18T06:37:06.516894+00:00,3384.837,SELL,0.01,RECOVERY_SNIPER
20250618_120706,2025-06-18T06:37:06.516894+00:00,3386.212,BUY,0.02,RECOVERY_HEDGE
20250618_120706,2025-06-18T06:37:06.516894+00:00,3388.487,BUY,0.01,RECOVERY_SNIPER
20250618_120706,2025-06-18T06:37:06.516894+00:00,3387.46,SELL,0.02,RECOVERY_HEDGE
20250618_120706,2025-06-18T06:37:06.516894+00:00,3385.493,SELL,0.01,RECOVERY_SNIPER
20250618_120706,2025-06-18T06:37:06.516894+00:00,3386.52,BUY,0.02,RECOVERY_HEDGE
20250618_120706,2025-06-18T06:37:06.516894+00:00,3385.244,SELL,0.03,RECOVERY_RESTACK
20250618_120706,2025-06-18T06:37:06.516894+00:00,3383.718,SELL,0.01,RECOVERY_SNIPER
20250618_120706,2025-06-18T06:37:06.516894+00:00,3382.987,SELL,0.01,RECOVERY_SNIPER
20250618_121131,2025-06-18T06:41:31.772210+00:00,3382.781,SELL,0.01,VP_ENTRY
20250618_121131,2025-06-18T06:41:31.772210+00:00,3382.89,BUY,0.01,LOCK_INTO_RANGE
20250618_121131,2025-06-18T06:41:31.772210+00:00,3383.676,BUY,0.01,RECOVERY_SNIPER
20250618_121131,2025-06-18T06:41:31.772210+00:00,3382.476,SELL,0.02,RECOVERY_HEDGE
20250618_121131,2025-06-18T06:41:31.772210+00:00,3380.852,BUY,0.01,RECOVERY_SNIPER
20250618_121324,2025-06-18T06:43:24.637137+00:00,3381.405,SELL,0.01,VP_ENTRY
20250618_121343,2025-06-18T06:43:43.560505+00:00,3381.237,SELL,0.01,VP_ENTRY
20250618_121405,2025-06-18T06:44:05.414608+00:00,3380.739,SELL,0.01,VP_ENTRY
20250618_121533,2025-06-18T06:45:33.826580+00:00,3380.356,SELL,0.01,VP_ENTRY
20250618_121629,2025-06-18T06:46:29.123685+00:00,3380.107,BUY,0.01,VP_ENTRY
20250618_121703,2025-06-18T06:47:03.055870+00:00,3380.561,BUY,0.01,VP_ENTRY
20250618_123452,2025-06-18T07:04:52.141723+00:00,3380.978,SELL,0.01,VP_ENTRY
20250618_123452,2025-06-18T07:04:52.141723+00:00,3381.978,BUY,0.02,HEDGE_LAYER
20250618_123452,2025-06-18T07:04:52.141723+00:00,3381.921,SELL,0.02,REENTRY_STACK
20250618_123452,2025-06-18T07:04:52.141723+00:00,3381.135,BUY,0.01,AUTO_LOCK_4TH_ENTRY
20250618_123452,2025-06-18T07:04:52.141723+00:00,3381.176,BUY,0.01,RECOVERY_SNIPER
20250618_123452,2025-06-18T07:04:52.141723+00:00,3381.574,BUY,0.01,RECOVERY_SNIPER
20250618_123452,2025-06-18T07:04:52.141723+00:00,3381.669,BUY,0.01,RECOVERY_SNIPER
20250618_123452,2025-06-18T07:04:52.141723+00:00,3382.115,BUY,0.01,RECOVERY_SNIPER
20250618_123452,2025-06-18T07:04:52.141723+00:00,3382.257,SELL,0.01,RECOVERY_SNIPER
20250618_123625,2025-06-18T07:06:25.418456+00:00,3381.295,SELL,0.01,VP_ENTRY
20250618_123714,2025-06-18T07:07:14.548621+00:00,3380.88,SELL,0.01,VP_ENTRY
20250618_123753,2025-06-18T07:07:53.284619+00:00,3380.506,BUY,0.01,VP_ENTRY
20250618_123755,2025-06-18T07:07:55.771753+00:00,3380.932,BUY,0.01,VP_ENTRY
20250618_123850,2025-06-18T07:08:50.784102+00:00,3381.406,BUY,0.01,VP_ENTRY
20250618_125132,2025-06-18T07:21:32.222040+00:00,3381.611,SELL,0.01,VP_ENTRY
20250618_125132,2025-06-18T07:21:32.222040+00:00,3381.968,BUY,0.01,LOCK_INTO_RANGE
20250618_125132,2025-06-18T07:21:32.222040+00:00,3382.953,SELL,0.01,RECOVERY_SNIPER
20250618_125132,2025-06-18T07:21:32.222040+00:00,3383.997,BUY,0.02,RECOVERY_HEDGE
20250618_125132,2025-06-18T07:21:32.222040+00:00,3382.7219999999998,SELL,0.03,RECOVERY_RESTACK
20250618_125148,2025-06-18T07:21:48.057498+00:00,3381.072,SELL,0.01,VP_ENTRY
20250618_125200,2025-06-18T07:22:00.771993+00:00,3380.583,BUY,0.01,VP_ENTRY
20250618_125514,2025-06-18T07:25:14.261298+00:00,3381.019,BUY,0.01,VP_ENTRY
20250618_125518,2025-06-18T07:25:18.837082+00:00,3381.73,SELL,0.01,VP_ENTRY
20250618_125535,2025-06-18T07:25:35.587531+00:00,3381.238,SELL,0.01,VP_ENTRY
20250618_125600,2025-06-18T07:26:00.451386+00:00,3380.371,SELL,0.01,VP_ENTRY
20250618_125603,2025-06-18T07:26:03.466499+00:00,3379.823,SELL,0.01,VP_ENTRY
20250618_125701,2025-06-18T07:27:01.466720+00:00,3379.209,SELL,0.01,VP_ENTRY
20250618_125820,2025-06-18T07:28:20.827493+00:00,3379.046,SELL,0.01,VP_ENTRY
20250618_130012,2025-06-18T07:30:12.855255+00:00,3378.031,SELL,0.01,VP_ENTRY
20250618_130030,2025-06-18T07:30:30.601515+00:00,3377.539,SELL,0.01,VP_ENTRY
20250618_130203,2025-06-18T07:32:03.277285+00:00,3377.123,SELL,0.01,VP_ENTRY
20250618_130203,2025-06-18T07:32:03.277285+00:00,3378.123,BUY,0.02,HEDGE_LAYER
20250618_130744,2025-06-18T07:37:44.283642+00:00,3378.87,SELL,0.01,VP_ENTRY
20250618_130744,2025-06-18T07:37:44.283642+00:00,3379.87,BUY,0.02,HEDGE_LAYER
20250618_130747,2025-06-18T07:37:47.088646+00:00,3382.348,BUY,0.01,VP_ENTRY
20250618_130758,2025-06-18T07:37:58.810763+00:00,3382.604,SELL,0.01,VP_ENTRY
20250618_133519,2025-06-18T08:05:19.203194+00:00,3382.102,SELL,0.01,VP_ENTRY
20250618_133519,2025-06-18T08:05:19.203194+00:00,3383.102,BUY,0.02,HEDGE_LAYER
20250618_133519,2025-06-18T08:05:19.203194+00:00,3383.414,SELL,0.01,LOCK_INTO_RANGE
20250618_133519,2025-06-18T08:05:19.203194+00:00,3384.974,SELL,0.01,RECOVERY_SNIPER
20250618_133519,2025-06-18T08:05:19.203194+00:00,3385.565,BUY,0.01,RECOVERY_SNIPER
20250618_133519,2025-06-18T08:05:19.203194+00:00,3385.893,BUY,0.01,RECOVERY_SNIPER
20250618_133519,2025-06-18T08:05:19.203194+00:00,3384.826,SELL,0.02,RECOVERY_HEDGE
20250618_133519,2025-06-18T08:05:19.203194+00:00,3385.976,BUY,0.03,RECOVERY_RESTACK
20250618_133519,2025-06-18T08:05:19.203194+00:00,3387.779,SELL,0.01,RECOVERY_SNIPER
20250618_133519,2025-06-18T08:05:19.203194+00:00,3387.245,SELL,0.01,RECOVERY_SNIPER
20250618_134710,2025-06-18T08:17:10.380899+00:00,3385.668,BUY,0.01,VP_ENTRY
20250618_134857,2025-06-18T08:18:57.451718+00:00,3386.012,SELL,0.01,VP_ENTRY
20250618_134932,2025-06-18T08:19:32.098384+00:00,3385.724,BUY,0.01,VP_ENTRY
20250618_135048,2025-06-18T08:20:48.976361+00:00,3386.308,BUY,0.01,VP_ENTRY
20250618_135132,2025-06-18T08:21:32.662664+00:00,3386.815,BUY,0.01,VP_ENTRY
20250618_140438,2025-06-18T08:34:38.637972+00:00,3387.379,BUY,0.01,VP_ENTRY
20250618_140438,2025-06-18T08:34:38.637972+00:00,3386.969,SELL,0.01,LOCK_INTO_RANGE
20250618_140438,2025-06-18T08:34:38.637972+00:00,3387.429,BUY,0.01,RECOVERY_SNIPER
20250618_140438,2025-06-18T08:34:38.637972+00:00,3387.987,BUY,0.01,RECOVERY_SNIPER
20250618_140438,2025-06-18T08:34:38.637972+00:00,3386.995,SELL,0.02,RECOVERY_HEDGE
20250618_140438,2025-06-18T08:34:38.637972+00:00,3385.074,BUY,0.01,RECOVERY_SNIPER
20250618_140447,2025-06-18T08:34:47.465102+00:00,3385.516,SELL,0.01,VP_ENTRY
20250618_140742,2025-06-18T08:37:42.747281+00:00,3385.226,SELL,0.01,VP_ENTRY
20250618_141057,2025-06-18T08:40:57.227417+00:00,3384.381,SELL,0.01,VP_ENTRY
20250618_141703,2025-06-18T08:47:03.654419+00:00,3383.572,SELL,0.01,VP_ENTRY
20250618_141703,2025-06-18T08:47:03.654419+00:00,3383.71,BUY,0.01,LOCK_INTO_RANGE
20250618_141703,2025-06-18T08:47:03.654419+00:00,3384.357,BUY,0.01,RECOVERY_SNIPER
20250618_141843,2025-06-18T08:48:43.029449+00:00,3385.377,SELL,0.01,VP_ENTRY
20250618_141843,2025-06-18T08:48:43.029449+00:00,3385.513,BUY,0.01,LOCK_INTO_RANGE
20250618_141843,2025-06-18T08:48:43.029449+00:00,3385.656,SELL,0.01,RECOVERY_SNIPER
20250618_141950,2025-06-18T08:49:50.292241+00:00,3385.44,SELL,0.01,VP_ENTRY
20250618_141950,2025-06-18T08:49:50.292241+00:00,3385.509,BUY,0.01,LOCK_INTO_RANGE
20250618_141950,2025-06-18T08:49:50.292241+00:00,3385.645,SELL,0.01,RECOVERY_SNIPER
20250618_142313,2025-06-18T08:53:13.087417+00:00,3385.601,BUY,0.01,VP_ENTRY
20250618_142313,2025-06-18T08:53:13.087417+00:00,3385.362,SELL,0.01,LOCK_INTO_RANGE
20250618_142313,2025-06-18T08:53:13.087417+00:00,3383.043,BUY,0.01,RECOVERY_SNIPER
20250618_153527,2025-06-18T10:05:27.992270+00:00,3378.683,SELL,0.01,VP_ENTRY
20250618_153539,2025-06-18T10:05:39.611844+00:00,3378.163,SELL,0.01,VP_ENTRY
20250618_193238,2025-06-18T14:02:38.792141+00:00,3390.966,SELL,0.01,VP_ENTRY
20250618_193238,2025-06-18T14:02:38.792141+00:00,3391.466,BUY,0.01,LOCK_INTO_RANGE
20250618_193238,2025-06-18T14:02:38.792141+00:00,3391.598,SELL,0.01,RECOVERY_SNIPER
20250618_193238,2025-06-18T14:02:38.792141+00:00,3392.697,BUY,0.02,RECOVERY_HEDGE
20250618_193238,2025-06-18T14:02:38.792141+00:00,3391.3559999999998,SELL,0.03,RECOVERY_RESTACK
20250618_194314,2025-06-18T14:13:14.780700+00:00,3387.905,SELL,0.01,VP_ENTRY
20250618_194314,2025-06-18T14:13:14.780700+00:00,3388.905,BUY,0.02,HEDGE_LAYER
20250618_194314,2025-06-18T14:13:14.780700+00:00,3388.449,SELL,0.02,REENTRY_STACK
20250618_194314,2025-06-18T14:13:14.780700+00:00,3388.062,BUY,0.01,AUTO_LOCK_4TH_ENTRY
20250618_194314,2025-06-18T14:13:14.780700+00:00,3386.897,BUY,0.01,RECOVERY_SNIPER
20250618_194314,2025-06-18T14:13:14.780700+00:00,3387.241,BUY,0.01,RECOVERY_SNIPER
20250618_194314,2025-06-18T14:13:14.780700+00:00,3387.531,BUY,0.01,RECOVERY_SNIPER
20250618_194314,2025-06-18T14:13:14.780700+00:00,3388.161,BUY,0.01,RECOVERY_SNIPER
20250618_194314,2025-06-18T14:13:14.780700+00:00,3388.618,BUY,0.01,RECOVERY_SNIPER
20250618_194314,2025-06-18T14:13:14.780700+00:00,3389.275,BUY,0.01,RECOVERY_SNIPER
20250618_194314,2025-06-18T14:13:14.780700+00:00,3387.928,SELL,0.02,RECOVERY_HEDGE
20250618_194314,2025-06-18T14:13:14.780700+00:00,3386.496,SELL,0.01,RECOVERY_SNIPER
20250618_194314,2025-06-18T14:13:14.780700+00:00,3387.41,BUY,0.02,RECOVERY_HEDGE
20250618_194314,2025-06-18T14:13:14.780700+00:00,3386.256,SELL,0.03,RECOVERY_RESTACK
20250618_194322,2025-06-18T14:13:22.908237+00:00,3384.242,BUY,0.01,VP_ENTRY
20250618_194325,2025-06-18T14:13:25.446741+00:00,3385.125,BUY,0.01,VP_ENTRY
20250618_194332,2025-06-18T14:13:32.015082+00:00,3384.909,BUY,0.01,VP_ENTRY
20250618_194347,2025-06-18T14:13:47.787861+00:00,3385.159,BUY,0.01,VP_ENTRY
20250618_194358,2025-06-18T14:13:58.492111+00:00,3385.784,BUY,0.01,VP_ENTRY
20250618_195018,2025-06-18T14:20:18.066533+00:00,3382.15,BUY,0.01,VP_ENTRY
20250618_195018,2025-06-18T14:20:18.066533+00:00,3381.15,SELL,0.02,HEDGE_LAYER
20250618_195019,2025-06-18T14:20:19.756111+00:00,3378.554,SELL,0.01,VP_ENTRY
20250618_195024,2025-06-18T14:20:24.443005+00:00,3376.135,BUY,0.01,VP_ENTRY
20250618_195140,2025-06-18T14:21:40.525669+00:00,3377.025,BUY,0.01,VP_ENTRY
20250618_195140,2025-06-18T14:21:40.525669+00:00,3376.025,SELL,0.02,HEDGE_LAYER
20250618_195140,2025-06-18T14:21:40.525669+00:00,3376.08,BUY,0.03,REENTRY_STACK
20250618_195140,2025-06-18T14:21:40.525669+00:00,3376.867,SELL,0.02,AUTO_LOCK_4TH_ENTRY
20250618_195140,2025-06-18T14:21:40.525669+00:00,3378.039,BUY,0.01,RECOVERY_SNIPER
20250618_195140,2025-06-18T14:21:40.525669+00:00,3378.328,BUY,0.01,RECOVERY_SNIPER
20250618_195140,2025-06-18T14:21:40.525669+00:00,3378.896,BUY,0.01,RECOVERY_SNIPER
20250618_195140,2025-06-18T14:21:40.525669+00:00,3379.642,BUY,0.01,RECOVERY_SNIPER
20250618_195543,2025-06-18T14:25:43.831046+00:00,3379.827,BUY,0.01,VP_ENTRY
20250618_195543,2025-06-18T14:25:43.831046+00:00,3378.827,SELL,0.02,HEDGE_LAYER
20250618_195543,2025-06-18T14:25:43.831046+00:00,3379.212,BUY,0.03,REENTRY_STACK
20250618_195543,2025-06-18T14:25:43.831046+00:00,3379.704,SELL,0.02,AUTO_LOCK_4TH_ENTRY
20250618_195543,2025-06-18T14:25:43.831046+00:00,3380.015,BUY,0.01,RECOVERY_SNIPER
20250618_195543,2025-06-18T14:25:43.831046+00:00,3381.001,BUY,0.01,RECOVERY_SNIPER
20250618_195742,2025-06-18T14:27:42.690079+00:00,3382.513,BUY,0.01,VP_ENTRY
20250618_195742,2025-06-18T14:27:42.690079+00:00,3381.513,SELL,0.02,HEDGE_LAYER
20250618_195742,2025-06-18T14:27:42.690079+00:00,3381.535,BUY,0.03,REENTRY_STACK
20250618_195742,2025-06-18T14:27:42.690079+00:00,3382.356,SELL,0.02,AUTO_LOCK_4TH_ENTRY
20250618_195742,2025-06-18T14:27:42.690079+00:00,3383.244,SELL,0.01,RECOVERY_SNIPER
20250618_195742,2025-06-18T14:27:42.690079+00:00,3382.754,SELL,0.01,RECOVERY_SNIPER
20250618_195742,2025-06-18T14:27:42.690079+00:00,3382.459,SELL,0.01,RECOVERY_SNIPER
20250618_195742,2025-06-18T14:27:42.690079+00:00,3382.287,SELL,0.01,RECOVERY_SNIPER
20250618_195742,2025-06-18T14:27:42.690079+00:00,3383.229,BUY,0.02,RECOVERY_HEDGE
20250618_195742,2025-06-18T14:27:42.690079+00:00,3382.11,SELL,0.03,RECOVERY_RESTACK
20250618_195747,2025-06-18T14:27:47.872020+00:00,3380.752,SELL,0.01,VP_ENTRY
20250618_200517,2025-06-18T14:35:17.479474+00:00,3385.933,SELL,0.01,VP_ENTRY
20250618_202314,2025-06-18T14:53:14.710585+00:00,3385.54,SELL,0.01,VP_ENTRY
20250618_202314,2025-06-18T14:53:14.710585+00:00,3386.54,BUY,0.02,HEDGE_LAYER
20250618_202314,2025-06-18T14:53:14.710585+00:00,3386.533,SELL,0.03,REENTRY_STACK
20250618_202314,2025-06-18T14:53:14.710585+00:00,3385.699,BUY,0.02,AUTO_LOCK_4TH_ENTRY
20250618_202314,2025-06-18T14:53:14.710585+00:00,3385.726,SELL,0.01,RECOVERY_SNIPER
20250618_202314,2025-06-18T14:53:14.710585+00:00,3386.936,BUY,0.02,RECOVERY_HEDGE
20250618_202314,2025-06-18T14:53:14.710585+00:00,3385.482,SELL,0.03,RECOVERY_RESTACK
20250618_202314,2025-06-18T14:53:14.710585+00:00,3388.889,SELL,0.01,RECOVERY_SNIPER
20250618_202314,2025-06-18T14:53:14.710585+00:00,3389.987,BUY,0.02,RECOVERY_HEDGE
20250618_202314,2025-06-18T14:53:14.710585+00:00,3388.6530000000002,SELL,0.03,RECOVERY_RESTACK
20250618_202350,2025-06-18T14:53:50.444605+00:00,3385.767,BUY,0.01,VP_ENTRY
20250618_202429,2025-06-18T14:54:29.427616+00:00,3386.375,BUY,0.01,VP_ENTRY
20250618_205637,2025-06-18T15:26:37.983847+00:00,3385.598,SELL,0.01,VP_ENTRY
20250618_205637,2025-06-18T15:26:37.983847+00:00,3386.598,BUY,0.02,HEDGE_LAYER
20250618_205637,2025-06-18T15:26:37.983847+00:00,3386.466,SELL,0.03,REENTRY_STACK
20250618_205637,2025-06-18T15:26:37.983847+00:00,3387.762,BUY,0.02,AUTO_LOCK_4TH_ENTRY
20250618_205637,2025-06-18T15:26:37.983847+00:00,3387.583,SELL,0.01,RECOVERY_SNIPER
20250618_205637,2025-06-18T15:26:37.983847+00:00,3386.702,SELL,0.01,RECOVERY_SNIPER
20250618_205637,2025-06-18T15:26:37.983847+00:00,3387.622,BUY,0.02,RECOVERY_HEDGE
20250618_205637,2025-06-18T15:26:37.983847+00:00,3389.158,SELL,0.01,RECOVERY_SNIPER
20250618_205637,2025-06-18T15:26:37.983847+00:00,3388.36,SELL,0.01,RECOVERY_SNIPER
20250618_205637,2025-06-18T15:26:37.983847+00:00,3387.947,BUY,0.01,RECOVERY_SNIPER
20250618_205637,2025-06-18T15:26:37.983847+00:00,3386.881,SELL,0.02,RECOVERY_HEDGE
20250618_205637,2025-06-18T15:26:37.983847+00:00,3385.048,SELL,0.01,RECOVERY_SNIPER
20250618_205637,2025-06-18T15:26:37.983847+00:00,3383.813,BUY,0.01,RECOVERY_SNIPER
20250618_205637,2025-06-18T15:26:37.983847+00:00,3382.281,SELL,0.02,RECOVERY_HEDGE
20250618_205637,2025-06-18T15:26:37.983847+00:00,3383.415,BUY,0.03,RECOVERY_RESTACK
20250618_205637,2025-06-18T15:26:37.983847+00:00,3385.043,SELL,0.01,RECOVERY_SNIPER
20250618_205637,2025-06-18T15:26:37.983847+00:00,3384.742,SELL,0.01,RECOVERY_SNIPER
20250618_205637,2025-06-18T15:26:37.983847+00:00,3386.157,BUY,0.02,RECOVERY_HEDGE
20250618_205637,2025-06-18T15:26:37.983847+00:00,3388.143,BUY,0.01,RECOVERY_SNIPER
20250618_205637,2025-06-18T15:26:37.983847+00:00,3388.646,BUY,0.01,RECOVERY_SNIPER
20250618_205637,2025-06-18T15:26:37.983847+00:00,3389.024,SELL,0.01,RECOVERY_SNIPER
20250618_205637,2025-06-18T15:26:37.983847+00:00,3388.213,SELL,0.01,RECOVERY_SNIPER
20250618_205637,2025-06-18T15:26:37.983847+00:00,3387.775,BUY,0.01,RECOVERY_SNIPER
20250618_210027,2025-06-18T15:30:27.069868+00:00,3387.761,BUY,0.01,VP_ENTRY
20250618_211841,2025-06-18T15:48:41.842101+00:00,3389.611,BUY,0.01,VP_ENTRY
20250618_212040,2025-06-18T15:50:40.437808+00:00,3391.385,SELL,0.01,VP_ENTRY
20250618_212155,2025-06-18T15:51:55.682382+00:00,3391.31,SELL,0.01,VP_ENTRY
20250618_212209,2025-06-18T15:52:09.282177+00:00,3390.789,SELL,0.01,VP_ENTRY
20250618_212640,2025-06-18T15:56:40.817356+00:00,3391.534,BUY,0.01,VP_ENTRY
20250618_212718,2025-06-18T15:57:18.763234+00:00,3391.993,BUY,0.01,VP_ENTRY
20250618_212805,2025-06-18T15:58:05.305426+00:00,3392.209,SELL,0.01,VP_ENTRY
20250618_213006,2025-06-18T16:00:06.642925+00:00,3392.979,BUY,0.01,VP_ENTRY
20250618_213233,2025-06-18T16:02:33.129605+00:00,3393.696,SELL,0.01,VP_ENTRY
20250618_213237,2025-06-18T16:02:37.629964+00:00,3393.206,BUY,0.01,VP_ENTRY
20250618_213308,2025-06-18T16:03:08.420788+00:00,3393.221,BUY,0.01,VP_ENTRY
20250618_213337,2025-06-18T16:03:37.546146+00:00,3394.378,SELL,0.01,VP_ENTRY
20250618_213849,2025-06-18T16:08:49.263939+00:00,3394.096,BUY,0.01,VP_ENTRY
20250618_213849,2025-06-18T16:08:49.263939+00:00,3393.096,SELL,0.02,HEDGE_LAYER
20250618_213851,2025-06-18T16:08:51.015138+00:00,3390.967,SELL,0.01,VP_ENTRY
20250618_214518,2025-06-18T16:15:18.207840+00:00,3390.653,SELL,0.01,VP_ENTRY
20250618_220020,2025-06-18T16:30:20.209372+00:00,3389.924,SELL,0.01,VP_ENTRY
20250618_220020,2025-06-18T16:30:20.209372+00:00,3390.577,BUY,0.01,LOCK_INTO_RANGE
20250618_220020,2025-06-18T16:30:20.209372+00:00,3392.742,SELL,0.01,RECOVERY_SNIPER
20250618_220020,2025-06-18T16:30:20.209372+00:00,3392.553,BUY,0.01,RECOVERY_SNIPER
20250618_223123,2025-06-18T17:01:23.575289+00:00,3393.128,BUY,0.01,VP_ENTRY
20250618_223123,2025-06-18T17:01:23.575289+00:00,3392.389,SELL,0.01,LOCK_INTO_RANGE
20250618_223123,2025-06-18T17:01:23.575289+00:00,3392.986,BUY,0.01,RECOVERY_SNIPER
20250618_223123,2025-06-18T17:01:23.575289+00:00,3391.975,SELL,0.02,RECOVERY_HEDGE
20250618_223123,2025-06-18T17:01:23.575289+00:00,3389.99,BUY,0.01,RECOVERY_SNIPER
20250618_230619,2025-06-18T17:36:19.849831+00:00,3389.719,BUY,0.01,VP_ENTRY
20250618_230619,2025-06-18T17:36:19.849831+00:00,3389.714,SELL,0.01,LOCK_INTO_RANGE
20250618_230619,2025-06-18T17:36:19.849831+00:00,3387.958,SELL,0.01,RECOVERY_SNIPER
20250618_232949,2025-06-18T17:59:49.441972+00:00,3387.455,BUY,0.01,VP_ENTRY
20250618_232949,2025-06-18T17:59:49.441972+00:00,3386.455,SELL,0.02,HEDGE_LAYER
20250618_232949,2025-06-18T17:59:49.441972+00:00,3386.473,BUY,0.03,REENTRY_STACK
20250618_232949,2025-06-18T17:59:49.441972+00:00,3387.301,SELL,0.02,AUTO_LOCK_4TH_ENTRY
20250618_232949,2025-06-18T17:59:49.441972+00:00,3385.011,BUY,0.01,RECOVERY_SNIPER
20250618_232949,2025-06-18T17:59:49.441972+00:00,3385.323,BUY,0.01,RECOVERY_SNIPER
20250618_233009,2025-06-18T18:00:09.068528+00:00,3388.201,BUY,0.01,VP_ENTRY
20250618_233011,2025-06-18T18:00:11.024849+00:00,3390.166,SELL,0.01,VP_ENTRY
20250618_233014,2025-06-18T18:00:14.504182+00:00,3389.625,SELL,0.01,VP_ENTRY
20250618_233022,2025-06-18T18:00:22.228979+00:00,3388.865,SELL,0.01,VP_ENTRY
20250618_233022,2025-06-18T18:00:22.228979+00:00,3389.865,BUY,0.02,HEDGE_LAYER
20250618_233058,2025-06-18T18:00:58.890133+00:00,3391.887,SELL,0.01,VP_ENTRY
20250618_233058,2025-06-18T18:00:58.890133+00:00,3392.887,BUY,0.02,HEDGE_LAYER
20250618_233058,2025-06-18T18:00:58.890133+00:00,3392.588,SELL,0.03,REENTRY_STACK
20250618_233058,2025-06-18T18:00:58.890133+00:00,3391.892,BUY,0.02,AUTO_LOCK_4TH_ENTRY
20250618_233058,2025-06-18T18:00:58.890133+00:00,3391.892,SELL,0.01,RECOVERY_SNIPER
20250618_233058,2025-06-18T18:00:58.890133+00:00,3390.947,SELL,0.01,RECOVERY_SNIPER
20250618_233058,2025-06-18T18:00:58.890133+00:00,3390.224,SELL,0.01,RECOVERY_SNIPER
20250620_101607,2025-06-20T04:46:07.339868+00:00,3351.566,SELL,0.01,VP_ENTRY
20250620_101607,2025-06-20T04:46:07.339868+00:00,3351.716,BUY,0.01,LOCK_INTO_RANGE
20250620_101607,2025-06-20T04:46:07.339868+00:00,3353.6,SELL,0.01,RECOVERY_SNIPER
20250620_101607,2025-06-20T04:46:07.339868+00:00,3355.039,BUY,0.02,RECOVERY_HEDGE
20250620_101607,2025-06-20T04:46:07.339868+00:00,3357.8,SELL,0.01,RECOVERY_SNIPER
20250620_102416,2025-06-20T04:54:16.516515+00:00,3355.372,SELL,0.01,VP_ENTRY
20250620_102425,2025-06-20T04:54:25.150004+00:00,3354.705,SELL,0.01,VP_ENTRY
20250620_102533,2025-06-20T04:55:33.281942+00:00,3354.333,BUY,0.01,VP_ENTRY
20250620_105453,2025-06-20T05:24:53.226542+00:00,3354.812,BUY,0.01,VP_ENTRY
20250620_105453,2025-06-20T05:24:53.226542+00:00,3353.812,SELL,0.02,HEDGE_LAYER
20250620_105453,2025-06-20T05:24:53.226542+00:00,3353.856,BUY,0.03,REENTRY_STACK
20250620_105453,2025-06-20T05:24:53.226542+00:00,3354.658,SELL,0.02,AUTO_LOCK_4TH_ENTRY
20250620_105453,2025-06-20T05:24:53.226542+00:00,3355.263,BUY,0.01,RECOVERY_SNIPER
20250620_105453,2025-06-20T05:24:53.226542+00:00,3354.001,SELL,0.02,RECOVERY_HEDGE
20250620_105453,2025-06-20T05:24:53.226542+00:00,3352.202,SELL,0.01,RECOVERY_SNIPER
20250620_110013,2025-06-20T05:30:13.728507+00:00,3350.613,SELL,0.01,VP_ENTRY
20250620_110013,2025-06-20T05:30:13.728507+00:00,3350.938,BUY,0.01,LOCK_INTO_RANGE
20250620_110013,2025-06-20T05:30:13.728507+00:00,3350.774,BUY,0.01,RECOVERY_SNIPER
20250620_110013,2025-06-20T05:30:13.728507+00:00,3349.76,SELL,0.02,RECOVERY_HEDGE
20250620_110013,2025-06-20T05:30:13.728507+00:00,3347.55,SELL,0.01,RECOVERY_SNIPER
20250620_110035,2025-06-20T05:30:35.784538+00:00,3347.289,SELL,0.01,VP_ENTRY
20250620_110144,2025-06-20T05:31:44.064301+00:00,3346.932,SELL,0.01,VP_ENTRY
20250620_110144,2025-06-20T05:31:44.064301+00:00,3347.932,BUY,0.02,HEDGE_LAYER
20250620_110150,2025-06-20T05:31:50.802861+00:00,3350.022,SELL,0.01,VP_ENTRY
20250620_110207,2025-06-20T05:32:07.407710+00:00,3349.521,SELL,0.01,VP_ENTRY
20250620_110210,2025-06-20T05:32:10.891572+00:00,3349.191,BUY,0.01,VP_ENTRY
20250620_110227,2025-06-20T05:32:27.528321+00:00,3350.587,BUY,0.01,VP_ENTRY
20250620_113158,2025-06-20T06:01:58.241982+00:00,3344.718,BUY,0.01,VP_ENTRY
20250620_113402,2025-06-20T06:04:02.766662+00:00,3346.317,SELL,0.01,VP_ENTRY
20250620_113434,2025-06-20T06:04:34.549438+00:00,3345.5,BUY,0.01,VP_ENTRY
20250620_113525,2025-06-20T06:05:25.880086+00:00,3346.026,SELL,0.01,VP_ENTRY
20250620_135153,2025-06-20T08:21:53.171883+00:00,3345.665,SELL,0.01,VP_ENTRY
20250620_135153,2025-06-20T08:21:53.171883+00:00,3346.665,BUY,0.02,HEDGE_LAYER
20250620_135153,2025-06-20T08:21:53.171883+00:00,3346.445,SELL,0.03,REENTRY_STACK
20250620_135153,2025-06-20T08:21:53.171883+00:00,3345.81,BUY,0.02,AUTO_LOCK_4TH_ENTRY
20250620_135153,2025-06-20T08:21:53.171883+00:00,3345.81,SELL,0.01,RECOVERY_SNIPER
20250620_135153,2025-06-20T08:21:53.171883+00:00,3345.473,SELL,0.01,RECOVERY_SNIPER
20250620_135153,2025-06-20T08:21:53.171883+00:00,3344.975,SELL,0.01,RECOVERY_SNIPER
20250620_135153,2025-06-20T08:21:53.171883+00:00,3345.867,BUY,0.02,RECOVERY_HEDGE
20250620_135153,2025-06-20T08:21:53.171883+00:00,3347.872,SELL,0.01,RECOVERY_SNIPER
20250620_135153,2025-06-20T08:21:53.171883+00:00,3348.723,BUY,0.02,RECOVERY_HEDGE
20250620_135153,2025-06-20T08:21:53.171883+00:00,3350.252,SELL,0.01,RECOVERY_SNIPER
20250620_135440,2025-06-20T08:24:40.430626+00:00,3349.377,SELL,0.01,VP_ENTRY
20250620_135502,2025-06-20T08:25:02.568142+00:00,3349.056,BUY,0.01,VP_ENTRY
20250620_135755,2025-06-20T08:27:55.645351+00:00,3348.035,BUY,0.01,VP_ENTRY
20250620_135755,2025-06-20T08:27:55.645351+00:00,3347.94,SELL,0.01,LOCK_INTO_RANGE
20250620_135755,2025-06-20T08:27:55.645351+00:00,3347.728,BUY,0.01,RECOVERY_SNIPER
20250620_140348,2025-06-20T08:33:48.161306+00:00,3350.403,SELL,0.01,VP_ENTRY
20250620_140348,2025-06-20T08:33:48.161306+00:00,3350.411,BUY,0.01,LOCK_INTO_RANGE
20250620_140348,2025-06-20T08:33:48.161306+00:00,3350.638,SELL,0.01,RECOVERY_SNIPER
20250620_140350,2025-06-20T08:33:50.229784+00:00,3350.49,SELL,0.01,VP_ENTRY
20250620_140350,2025-06-20T08:33:50.229784+00:00,3350.296,BUY,0.01,LOCK_INTO_RANGE
20250620_140445,2025-06-20T08:34:45.400106+00:00,3349.644,SELL,0.01,VP_ENTRY
20250620_140445,2025-06-20T08:34:45.400106+00:00,3349.709,BUY,0.01,LOCK_INTO_RANGE
20250620_140445,2025-06-20T08:34:45.400106+00:00,3349.963,SELL,0.01,RECOVERY_SNIPER
20250620_143742,2025-06-20T09:07:42.829981+00:00,3349.944,SELL,0.01,VP_ENTRY
20250620_143742,2025-06-20T09:07:42.829981+00:00,3350.944,BUY,0.02,HEDGE_LAYER
20250620_143742,2025-06-20T09:07:42.829981+00:00,3350.901,SELL,0.03,REENTRY_STACK
20250620_143742,2025-06-20T09:07:42.829981+00:00,3350.086,BUY,0.02,AUTO_LOCK_4TH_ENTRY
20250620_143742,2025-06-20T09:07:42.829981+00:00,3350.086,BUY,0.01,RECOVERY_SNIPER
20250620_143742,2025-06-20T09:07:42.829981+00:00,3350.555,BUY,0.01,RECOVERY_SNIPER
20250620_143742,2025-06-20T09:07:42.829981+00:00,3349.519,SELL,0.02,RECOVERY_HEDGE
20250620_143742,2025-06-20T09:07:42.829981+00:00,3350.62,BUY,0.03,RECOVERY_RESTACK
20250620_143742,2025-06-20T09:07:42.829981+00:00,3352.612,BUY,0.01,RECOVERY_SNIPER
20250620_165418,2025-06-20T11:24:18.264984+00:00,3353.191,SELL,0.01,VP_ENTRY
20250620_165418,2025-06-20T11:24:18.264984+00:00,3354.191,BUY,0.02,HEDGE_LAYER
20250620_165418,2025-06-20T11:24:18.264984+00:00,3353.922,SELL,0.03,REENTRY_STACK
20250620_165418,2025-06-20T11:24:18.264984+00:00,3353.323,BUY,0.02,AUTO_LOCK_4TH_ENTRY
20250620_165418,2025-06-20T11:24:18.264984+00:00,3353.044,SELL,0.01,RECOVERY_SNIPER
20250620_165418,2025-06-20T11:24:18.264984+00:00,3353.874,BUY,0.02,RECOVERY_HEDGE
20250620_165418,2025-06-20T11:24:18.264984+00:00,3352.721,SELL,0.03,RECOVERY_RESTACK
20250620_165418,2025-06-20T11:24:18.264984+00:00,3357.588,SELL,0.01,RECOVERY_SNIPER
20250620_165418,2025-06-20T11:24:18.264984+00:00,3356.265,BUY,0.02,RECOVERY_HEDGE
20250620_165418,2025-06-20T11:24:18.264984+00:00,3355.766,SELL,0.01,RECOVERY_SNIPER
20250620_165418,2025-06-20T11:24:18.264984+00:00,3356.728,BUY,0.02,RECOVERY_HEDGE
20250620_165418,2025-06-20T11:24:18.264984+00:00,3355.522,SELL,0.03,RECOVERY_RESTACK
20250623_093908,2025-06-23T04:09:08.528539+00:00,3365.132,BUY,0.01,VP_ENTRY
20250623_093908,2025-06-23T04:09:08.528539+00:00,3364.675,SELL,0.01,LOCK_INTO_RANGE
20250623_093908,2025-06-23T04:09:08.528539+00:00,3365.16,BUY,0.01,RECOVERY_SNIPER
20250623_093908,2025-06-23T04:09:08.528539+00:00,3364.079,SELL,0.02,RECOVERY_HEDGE
20250623_093908,2025-06-23T04:09:08.528539+00:00,3362.204,BUY,0.01,RECOVERY_SNIPER
20250623_101304,2025-06-23T04:43:04.462129+00:00,3359.842,SELL,0.01,VP_ENTRY
20250623_101304,2025-06-23T04:43:04.462129+00:00,3360.57,BUY,0.01,LOCK_INTO_RANGE
20250623_101304,2025-06-23T04:43:04.462129+00:00,3358.735,BUY,0.01,RECOVERY_SNIPER
20250623_101304,2025-06-23T04:43:04.462129+00:00,3358.684,SELL,0.01,RECOVERY_SNIPER
20250623_101304,2025-06-23T04:43:04.462129+00:00,3358.217,SELL,0.01,RECOVERY_SNIPER
20250623_101327,2025-06-23T04:43:27.574539+00:00,3357.52,SELL,0.01,VP_ENTRY
20250623_101358,2025-06-23T04:43:58.298208+00:00,3356.943,BUY,0.01,VP_ENTRY
20250623_101641,2025-06-23T04:46:41.746429+00:00,3357.827,BUY,0.01,VP_ENTRY
20250623_101723,2025-06-23T04:47:23.882384+00:00,3358.243,SELL,0.01,VP_ENTRY
20250623_104524,2025-06-23T05:15:24.314431+00:00,3359.685,SELL,0.01,VP_ENTRY
20250623_104524,2025-06-23T05:15:24.314431+00:00,3359.736,BUY,0.01,LOCK_INTO_RANGE
20250623_104524,2025-06-23T05:15:24.314431+00:00,3359.808,SELL,0.01,RECOVERY_SNIPER
20250623_104524,2025-06-23T05:15:24.314431+00:00,3360.711,BUY,0.02,RECOVERY_HEDGE
20250623_104524,2025-06-23T05:15:24.314431+00:00,3359.578,SELL,0.03,RECOVERY_RESTACK
20250623_112242,2025-06-23T05:52:42.281055+00:00,3357.802,SELL,0.01,VP_ENTRY
20250623_112242,2025-06-23T05:52:42.281055+00:00,3358.791,BUY,0.01,LOCK_INTO_RANGE
20250623_112242,2025-06-23T05:52:42.281055+00:00,3358.464,BUY,0.01,RECOVERY_SNIPER
20250623_112242,2025-06-23T05:52:42.281055+00:00,3356.615,BUY,0.01,RECOVERY_SNIPER
20250623_112242,2025-06-23T05:52:42.281055+00:00,3355.345,SELL,0.02,RECOVERY_HEDGE
20250623_112242,2025-06-23T05:52:42.281055+00:00,3353.045,BUY,0.01,RECOVERY_SNIPER
20250623_112242,2025-06-23T05:52:42.281055+00:00,3351.528,SELL,0.02,RECOVERY_HEDGE
20250623_112242,2025-06-23T05:52:42.281055+00:00,3349.622,SELL,0.01,RECOVERY_SNIPER
20250623_112242,2025-06-23T05:52:42.281055+00:00,3350.434,BUY,0.02,RECOVERY_HEDGE
20250623_112242,2025-06-23T05:52:42.281055+00:00,3349.243,SELL,0.03,RECOVERY_RESTACK
20250623_112242,2025-06-23T05:52:42.281055+00:00,3352.198,SELL,0.01,RECOVERY_SNIPER
20250623_112242,2025-06-23T05:52:42.281055+00:00,3352.991,BUY,0.02,RECOVERY_HEDGE
20250623_112242,2025-06-23T05:52:42.281055+00:00,3354.51,SELL,0.01,RECOVERY_SNIPER
20250623_112242,2025-06-23T05:52:42.281055+00:00,3355.379,BUY,0.02,RECOVERY_HEDGE
20250623_112242,2025-06-23T05:52:42.281055+00:00,3355.154,SELL,0.01,RECOVERY_SNIPER
20250623_113209,2025-06-23T06:02:09.486460+00:00,3357.587,SELL,0.01,VP_ENTRY
20250623_113209,2025-06-23T06:02:09.486460+00:00,3357.519,BUY,0.01,LOCK_INTO_RANGE
20250623_113209,2025-06-23T06:02:09.486460+00:00,3357.763,BUY,0.01,RECOVERY_SNIPER
20250623_113219,2025-06-23T06:02:19.509626+00:00,3359.103,BUY,0.01,VP_ENTRY
20250623_114101,2025-06-23T06:11:01.480077+00:00,3354.962,BUY,0.01,VP_ENTRY
20250623_114209,2025-06-23T06:12:09.902742+00:00,3355.755,BUY,0.01,VP_ENTRY
20250623_114211,2025-06-23T06:12:11.384218+00:00,3356.119,SELL,0.01,VP_ENTRY
20250623_120903,2025-06-23T06:39:03.767290+00:00,3355.66,SELL,0.01,VP_ENTRY
20250623_120903,2025-06-23T06:39:03.767290+00:00,3356.66,BUY,0.02,HEDGE_LAYER
20250623_120903,2025-06-23T06:39:03.767290+00:00,3356.556,SELL,0.03,REENTRY_STACK
20250623_120903,2025-06-23T06:39:03.767290+00:00,3355.795,BUY,0.02,AUTO_LOCK_4TH_ENTRY
20250623_120903,2025-06-23T06:39:03.767290+00:00,3355.795,SELL,0.01,RECOVERY_SNIPER
20250623_120903,2025-06-23T06:39:03.767290+00:00,3356.966,BUY,0.02,RECOVERY_HEDGE
20250623_120903,2025-06-23T06:39:03.767290+00:00,3355.556,SELL,0.03,RECOVERY_RESTACK
20250623_120903,2025-06-23T06:39:03.767290+00:00,3353.601,BUY,0.01,RECOVERY_SNIPER
20250623_120903,2025-06-23T06:39:03.767290+00:00,3353.601,BUY,0.01,RECOVERY_SNIPER
20250623_121136,2025-06-23T06:41:36.081533+00:00,3353.872,SELL,0.01,VP_ENTRY
20250623_121149,2025-06-23T06:41:49.656636+00:00,3353.462,SELL,0.01,VP_ENTRY
20250623_121340,2025-06-23T06:43:40.034370+00:00,3353.804,SELL,0.01,VP_ENTRY
20250623_121405,2025-06-23T06:44:05.836380+00:00,3353.532,SELL,0.01,VP_ENTRY
20250623_143205,2025-06-23T09:02:05.131386+00:00,3364.184,SELL,0.01,VP_ENTRY
20250623_143413,2025-06-23T09:04:13.575209+00:00,3363.671,SELL,0.01,VP_ENTRY
20250623_144121,2025-06-23T09:11:21.951414+00:00,3364.594,SELL,0.01,VP_ENTRY
20250623_144551,2025-06-23T09:15:51.844326+00:00,3367.433,SELL,0.01,VP_ENTRY
20250623_144730,2025-06-23T09:17:30.056432+00:00,3366.975,SELL,0.01,VP_ENTRY
20250623_145526,2025-06-23T09:25:26.161869+00:00,3366.995,BUY,0.01,VP_ENTRY
20250623_145526,2025-06-23T09:25:26.161869+00:00,3365.995,SELL,0.02,HEDGE_LAYER
20250623_145526,2025-06-23T09:25:26.161869+00:00,3366.05,BUY,0.03,REENTRY_STACK
20250623_145526,2025-06-23T09:25:26.161869+00:00,3366.846,SELL,0.02,AUTO_LOCK_4TH_ENTRY
20250623_145526,2025-06-23T09:25:26.161869+00:00,3367.006,SELL,0.01,RECOVERY_SNIPER
20250623_145526,2025-06-23T09:25:26.161869+00:00,3366.714,SELL,0.01,RECOVERY_SNIPER
20250623_145526,2025-06-23T09:25:26.161869+00:00,3366.959,BUY,0.01,RECOVERY_SNIPER
20250623_150141,2025-06-23T09:31:41.505055+00:00,3365.902,BUY,0.01,VP_ENTRY
20250623_150141,2025-06-23T09:31:41.505055+00:00,3364.902,SELL,0.02,HEDGE_LAYER
20250623_150539,2025-06-23T09:35:39.506576+00:00,3363.252,SELL,0.01,VP_ENTRY
20250623_153116,2025-06-23T10:01:16.209950+00:00,3367.603,SELL,0.01,VP_ENTRY
20250623_153116,2025-06-23T10:01:16.209950+00:00,3367.481,BUY,0.01,LOCK_INTO_RANGE
20250623_153116,2025-06-23T10:01:16.209950+00:00,3367.667,SELL,0.01,RECOVERY_SNIPER
20250623_153931,2025-06-23T10:09:31.734768+00:00,3364.422,SELL,0.01,VP_ENTRY
20250623_153931,2025-06-23T10:09:31.734768+00:00,3364.755,BUY,0.01,LOCK_INTO_RANGE
20250623_153931,2025-06-23T10:09:31.734768+00:00,3364.576,SELL,0.01,RECOVERY_SNIPER
20250623_153931,2025-06-23T10:09:31.734768+00:00,3364.232,BUY,0.01,RECOVERY_SNIPER
20250623_153938,2025-06-23T10:09:38.408278+00:00,3364.818,BUY,0.01,VP_ENTRY
20250623_154314,2025-06-23T10:13:14.852303+00:00,3364.399,BUY,0.01,VP_ENTRY
20250623_155057,2025-06-23T10:20:57.639194+00:00,3366.901,BUY,0.01,VP_ENTRY
20250624_100433,2025-06-24T04:34:33.816018+00:00,3364.873,SELL,0.01,ENTRY
20250624_104044,2025-06-24T05:10:44.752289+00:00,3346.952,BUY,0.01,VP_ENTRY
20250624_104044,2025-06-24T05:10:44.752289+00:00,3345.952,SELL,0.02,HEDGE_LAYER
20250624_104044,2025-06-24T05:10:44.752289+00:00,3346.112,BUY,0.03,REENTRY_STACK
20250624_104044,2025-06-24T05:10:44.752289+00:00,3346.817,SELL,0.02,AUTO_LOCK_4TH_ENTRY
20250624_104044,2025-06-24T05:10:44.752289+00:00,3346.178,BUY,0.01,RECOVERY_SNIPER
20250624_104044,2025-06-24T05:10:44.752289+00:00,3345.178,SELL,0.02,RECOVERY_HEDGE
20250624_104044,2025-06-24T05:10:44.752289+00:00,3343.528,SELL,0.01,RECOVERY_SNIPER
20250624_104044,2025-06-24T05:10:44.752289+00:00,3343.587,BUY,0.01,RECOVERY_SNIPER
20250624_104105,2025-06-24T05:11:05.188396+00:00,3344.077,BUY,0.01,VP_ENTRY
20250624_104144,2025-06-24T05:11:44.762749+00:00,3343.14,BUY,0.01,VP_ENTRY
20250624_104151,2025-06-24T05:11:51.322209+00:00,3343.454,BUY,0.01,VP_ENTRY
20250624_104212,2025-06-24T05:12:12.072631+00:00,3343.359,BUY,0.01,VP_ENTRY
20250624_110536,2025-06-24T05:35:36.902737+00:00,3342.578,BUY,0.01,VP_ENTRY
20250624_110536,2025-06-24T05:35:36.902737+00:00,3341.578,SELL,0.02,HEDGE_LAYER
20250624_110536,2025-06-24T05:35:36.902737+00:00,3342.217,BUY,0.03,REENTRY_STACK
20250624_110536,2025-06-24T05:35:36.902737+00:00,3342.436,SELL,0.02,AUTO_LOCK_4TH_ENTRY
20250624_110536,2025-06-24T05:35:36.902737+00:00,3342.625,SELL,0.01,RECOVERY_SNIPER
20250624_110536,2025-06-24T05:35:36.902737+00:00,3342.773,SELL,0.01,RECOVERY_SNIPER
20250624_110536,2025-06-24T05:35:36.902737+00:00,3343.752,BUY,0.02,RECOVERY_HEDGE
20250624_110536,2025-06-24T05:35:36.902737+00:00,3342.542,SELL,0.03,RECOVERY_RESTACK
20250624_110536,2025-06-24T05:35:36.902737+00:00,3340.859,SELL,0.01,RECOVERY_SNIPER
20250624_110536,2025-06-24T05:35:36.902737+00:00,3341.71,BUY,0.02,RECOVERY_HEDGE
20250624_110536,2025-06-24T05:35:36.902737+00:00,3340.629,SELL,0.03,RECOVERY_RESTACK
20250624_110536,2025-06-24T05:35:36.902737+00:00,3338.97,BUY,0.01,RECOVERY_SNIPER
20250624_110536,2025-06-24T05:35:36.902737+00:00,3339.564,BUY,0.01,RECOVERY_SNIPER
20250624_110536,2025-06-24T05:35:36.902737+00:00,3338.563,SELL,0.02,RECOVERY_HEDGE
20250624_110536,2025-06-24T05:35:36.902737+00:00,3337.326,BUY,0.01,RECOVERY_SNIPER
20250624_110536,2025-06-24T05:35:36.902737+00:00,3337.781,BUY,0.01,RECOVERY_SNIPER
20250624_110536,2025-06-24T05:35:36.902737+00:00,3338.217,SELL,0.01,RECOVERY_SNIPER
20250624_110549,2025-06-24T05:35:49.456827+00:00,3337.607,SELL,0.01,VP_ENTRY
20250624_110703,2025-06-24T05:37:03.797542+00:00,3337.158,SELL,0.01,VP_ENTRY
20250624_110703,2025-06-24T05:37:03.797542+00:00,3337.213,BUY,0.01,LOCK_INTO_RANGE
20250624_110703,2025-06-24T05:37:03.797542+00:00,3336.108,SELL,0.01,RECOVERY_SNIPER
20250625_091329,2025-06-25T03:43:29.421797+00:00,3329.62,BUY,0.01,VP_ENTRY
20250630_073621,2025-06-30T02:06:21.547742+00:00,3330.08,BUY,0.01,LOCK
20250630_073621,2025-06-30T02:06:21.547742+00:00,3328.8360000000002,SELL,0.02,LOCK
20250630_073621,2025-06-30T02:06:21.547742+00:00,3329.455,BUY,0.03,LOCK
20250630_073621,2025-06-30T02:06:21.547742+00:00,3327.826,SELL,0.02,LOCK
20250630_073621,2025-06-30T02:06:21.547742+00:00,3326.928,SELL,0.01,LOCK
20250630_073621,2025-06-30T02:06:21.547742+00:00,3327.9410000000003,BUY,0.02,LOCK
20250630_073621,2025-06-30T02:06:21.547742+00:00,3326.765,SELL,0.03,LOCK
20250630_073621,2025-06-30T02:06:21.547742+00:00,3278.127,BUY,0.02,AUTO_LOCK_4TH_ENTRY
20250630_073651,2025-06-30T02:06:51.432769+00:00,3279.077,BUY,0.01,VP_ENTRY
20250630_074112,2025-06-30T02:11:12.099552+00:00,3280.869,BUY,0.01,VP_ENTRY
20250630_074112,2025-06-30T02:11:12.099552+00:00,3280.669,SELL,0.02,HEDGE_LAYER
20250630_074603,2025-06-30T02:16:03.469819+00:00,3279.643,SELL,0.01,VP_ENTRY
20250630_074603,2025-06-30T02:16:03.469819+00:00,3279.843,BUY,0.02,HEDGE_LAYER
20250630_081500,2025-06-30T02:45:00.772814+00:00,3278.556,SELL,0.01,VP_ENTRY
20250630_090459,2025-06-30T03:34:59.698147+00:00,3279.519,BUY,0.01,VP_ENTRY
20250630_090741,2025-06-30T03:37:41.708242+00:00,3280.086,BUY,0.01,VP_ENTRY
20250630_090741,2025-06-30T03:37:41.708242+00:00,3279.886,SELL,0.02,HEDGE_LAYER
20250630_091707,2025-06-30T03:47:07.848544+00:00,3278.816,BUY,0.01,VP_ENTRY
20250630_091707,2025-06-30T03:47:07.848544+00:00,3278.717,SELL,0.01,LOCK_INTO_RANGE
20250630_091707,2025-06-30T03:47:07.848544+00:00,3281.114,SELL,0.01,RECOVERY_SNIPER
20250630_092513,2025-06-30T03:55:13.074545+00:00,3281.049,BUY,0.01,VP_ENTRY
20250630_092513,2025-06-30T03:55:13.074545+00:00,3280.849,SELL,0.02,HEDGE_LAYER
20250630_092525,2025-06-30T03:55:25.683208+00:00,3279.395,SELL,0.01,VP_ENTRY
20250630_093332,2025-06-30T04:03:32.961999+00:00,3279.173,BUY,0.01,VP_ENTRY
20250630_093332,2025-06-30T04:03:32.961999+00:00,3278.973,SELL,0.02,HEDGE_LAYER
20250630_093332,2025-06-30T04:03:32.961999+00:00,3279.103,BUY,0.01,LOCK_INTO_RANGE
20250630_093332,2025-06-30T04:03:32.961999+00:00,3278.649,SELL,0.01,RECOVERY_SNIPER
20250630_093332,2025-06-30T04:03:32.961999+00:00,3278.454,SELL,0.01,RECOVERY_SNIPER
20250630_093332,2025-06-30T04:03:32.961999+00:00,3279.485,BUY,0.02,RECOVERY_HEDGE
20250630_093332,2025-06-30T04:03:32.961999+00:00,3281.524,SELL,0.01,RECOVERY_SNIPER
20250630_094714,2025-06-30T04:17:14.291508+00:00,3280.87,SELL,0.01,VP_ENTRY
20250630_094714,2025-06-30T04:17:14.291508+00:00,3281.07,BUY,0.02,HEDGE_LAYER
20250630_094714,2025-06-30T04:17:14.291508+00:00,3281.059,SELL,0.03,REENTRY_STACK
20250630_094714,2025-06-30T04:17:14.291508+00:00,3280.119,BUY,0.02,AUTO_LOCK_4TH_ENTRY
20250630_095628,2025-06-30T04:26:28.571081+00:00,3278.12,SELL,0.01,VP_ENTRY
20250630_095628,2025-06-30T04:26:28.571081+00:00,3278.32,BUY,0.02,HEDGE_LAYER
20250630_095628,2025-06-30T04:26:28.571081+00:00,3278.225,SELL,0.03,REENTRY_STACK
20250630_095628,2025-06-30T04:26:28.571081+00:00,3277.459,BUY,0.02,AUTO_LOCK_4TH_ENTRY
20250630_102056,2025-06-30T04:50:56.815198+00:00,3280.323,SELL,0.01,VP_ENTRY
20250630_102056,2025-06-30T04:50:56.815198+00:00,3280.684,BUY,0.01,LOCK_INTO_RANGE
20250630_102056,2025-06-30T04:50:56.815198+00:00,3281.714,SELL,0.01,RECOVERY_SNIPER
20250630_102056,2025-06-30T04:50:56.815198+00:00,3282.656,BUY,0.02,RECOVERY_HEDGE
20250630_102312,2025-06-30T04:53:12.952928+00:00,3284.819,SELL,0.01,VP_ENTRY
20250630_102312,2025-06-30T04:53:12.952928+00:00,3285.819,BUY,0.02,HEDGE_LAYER
20250630_102312,2025-06-30T04:53:12.952928+00:00,3285.652,SELL,0.03,REENTRY_STACK
20250630_102312,2025-06-30T04:53:12.952928+00:00,3284.771,BUY,0.02,AUTO_LOCK_4TH_ENTRY
20250630_102312,2025-06-30T04:53:12.952928+00:00,3284.746,BUY,0.01,RECOVERY_SNIPER
20250630_103322,2025-06-30T05:03:22.360842+00:00,3286.095,BUY,0.01,VP_ENTRY
20250630_103322,2025-06-30T05:03:22.360842+00:00,3285.095,SELL,0.02,HEDGE_LAYER
20250630_103322,2025-06-30T05:03:22.360842+00:00,3285.135,BUY,0.03,REENTRY_STACK
20250630_103322,2025-06-30T05:03:22.360842+00:00,3285.956,SELL,0.02,AUTO_LOCK_4TH_ENTRY
20250630_103322,2025-06-30T05:03:22.360842+00:00,3286.116,BUY,0.01,RECOVERY_SNIPER
20250630_103322,2025-06-30T05:03:22.360842+00:00,3285.07,SELL,0.02,RECOVERY_HEDGE
20250630_103322,2025-06-30T05:03:22.360842+00:00,3286.193,BUY,0.03,RECOVERY_RESTACK
20250630_105053,2025-06-30T05:20:53.936800+00:00,3287.62,SELL,0.01,VP_ENTRY
20250630_105053,2025-06-30T05:20:53.936800+00:00,3287.68,BUY,0.01,LOCK_INTO_RANGE
20250630_105053,2025-06-30T05:20:53.936800+00:00,3287.867,SELL,0.01,RECOVERY_SNIPER
20250630_105053,2025-06-30T05:20:53.936800+00:00,3288.711,BUY,0.02,RECOVERY_HEDGE
20250630_105053,2025-06-30T05:20:53.936800+00:00,3287.629,SELL,0.03,RECOVERY_RESTACK
20250630_105451,2025-06-30T05:24:51.093340+00:00,3288.831,BUY,0.01,VP_ENTRY
20250630_105451,2025-06-30T05:24:51.093340+00:00,3288.475,SELL,0.01,LOCK_INTO_RANGE
20250630_105451,2025-06-30T05:24:51.093340+00:00,3288.019,BUY,0.01,RECOVERY_SNIPER
20250630_110025,2025-06-30T05:30:25.746405+00:00,3289.538,SELL,0.01,VP_ENTRY
20250630_110025,2025-06-30T05:30:25.746405+00:00,3289.416,BUY,0.01,LOCK_INTO_RANGE
20250630_110025,2025-06-30T05:30:25.746405+00:00,3289.599,SELL,0.01,RECOVERY_SNIPER
20250630_110118,2025-06-30T05:31:18.326015+00:00,3289.357,SELL,0.01,VP_ENTRY
20250630_110118,2025-06-30T05:31:18.326015+00:00,3289.403,BUY,0.01,LOCK_INTO_RANGE
20250630_110118,2025-06-30T05:31:18.326015+00:00,3289.502,SELL,0.01,RECOVERY_SNIPER
20250630_110542,2025-06-30T05:35:42.179746+00:00,3289.581,SELL,0.01,VP_ENTRY
20250630_110542,2025-06-30T05:35:42.179746+00:00,3289.542,BUY,0.01,LOCK_INTO_RANGE
20250630_110542,2025-06-30T05:35:42.179746+00:00,3289.617,SELL,0.01,RECOVERY_SNIPER
20250630_111245,2025-06-30T05:42:45.417433+00:00,3286.769,SELL,0.01,VP_ENTRY
20250630_111245,2025-06-30T05:42:45.417433+00:00,3287.194,BUY,0.01,LOCK_INTO_RANGE
20250630_111245,2025-06-30T05:42:45.417433+00:00,3286.786,SELL,0.01,RECOVERY_SNIPER
20250630_111245,2025-06-30T05:42:45.417433+00:00,3287.629,BUY,0.02,RECOVERY_HEDGE
20250630_111245,2025-06-30T05:42:45.417433+00:00,3286.544,SELL,0.03,RECOVERY_RESTACK
20250630_111824,2025-06-30T05:48:24.026433+00:00,3286.423,SELL,0.01,VP_ENTRY
20250630_111824,2025-06-30T05:48:24.026433+00:00,3286.642,BUY,0.01,LOCK_INTO_RANGE
20250630_111824,2025-06-30T05:48:24.026433+00:00,3286.835,SELL,0.01,RECOVERY_SNIPER
20250630_111824,2025-06-30T05:48:24.026433+00:00,3287.716,BUY,0.02,RECOVERY_HEDGE
20250630_112234,2025-06-30T05:52:34.654154+00:00,3289.795,BUY,0.01,VP_ENTRY
20250630_113433,2025-06-30T06:04:33.904401+00:00,3291.037,BUY,0.01,VP_ENTRY
20250630_113433,2025-06-30T06:04:33.904401+00:00,3290.017,SELL,0.02,HEDGE_LAYER
20250630_113433,2025-06-30T06:04:33.904401+00:00,3289.859,BUY,0.01,LOCK_INTO_RANGE
20250630_113433,2025-06-30T06:04:33.904401+00:00,3291.63,SELL,0.01,RECOVERY_SNIPER
20250630_114919,2025-06-30T06:19:19.755035+00:00,3288.714,BUY,0.01,VP_ENTRY
20250630_121313,2025-06-30T06:43:13.050363+00:00,3294.418,BUY,0.01,VP_ENTRY
20250630_122439,2025-06-30T06:54:39.180603+00:00,3295.581,BUY,0.01,VP_ENTRY
20250630_122439,2025-06-30T06:54:39.180603+00:00,3294.555,SELL,0.02,HEDGE_LAYER
20250630_122439,2025-06-30T06:54:39.180603+00:00,3295.494,BUY,0.01,LOCK_INTO_RANGE
20250630_122439,2025-06-30T06:54:39.180603+00:00,3293.19,BUY,0.01,RECOVERY_SNIPER
20250630_122439,2025-06-30T06:54:39.180603+00:00,3292.182,SELL,0.02,RECOVERY_HEDGE
20250630_122439,2025-06-30T06:54:39.180603+00:00,3293.274,BUY,0.03,RECOVERY_RESTACK
20250630_132035,2025-06-30T07:50:35.880984+00:00,3293.951,SELL,0.01,VP_ENTRY
20250630_132035,2025-06-30T07:50:35.880984+00:00,3294.957,BUY,0.02,HEDGE_LAYER
20250630_132035,2025-06-30T07:50:35.880984+00:00,3294.919,SELL,0.01,LOCK_INTO_RANGE
20250630_132035,2025-06-30T07:50:35.880984+00:00,3295.782,SELL,0.01,RECOVERY_SNIPER
20250630_132035,2025-06-30T07:50:35.880984+00:00,3294.615,BUY,0.02,RECOVERY_HEDGE
20250630_132448,2025-06-30T07:54:48.689180+00:00,3296.182,SELL,0.01,VP_ENTRY
20250630_132448,2025-06-30T07:54:48.689180+00:00,3296.273,BUY,0.01,LOCK_INTO_RANGE
20250630_132448,2025-06-30T07:54:48.689180+00:00,3296.318,BUY,0.01,RECOVERY_SNIPER
20250630_132448,2025-06-30T07:54:48.689180+00:00,3295.241,SELL,0.02,RECOVERY_HEDGE
20250630_132553,2025-06-30T07:55:53.161180+00:00,3293.146,BUY,0.01,VP_ENTRY
20250630_132553,2025-06-30T07:55:53.161180+00:00,3293.208,SELL,0.01,LOCK_INTO_RANGE
20250630_132553,2025-06-30T07:55:53.161180+00:00,3293.084,BUY,0.01,RECOVERY_SNIPER
20250630_133608,2025-06-30T08:06:08.147262+00:00,3292.936,BUY,0.01,VP_ENTRY
20250630_133608,2025-06-30T08:06:08.147262+00:00,3291.913,SELL,0.02,HEDGE_LAYER
20250630_133608,2025-06-30T08:06:08.147262+00:00,3292.962,BUY,0.03,REENTRY_STACK
20250630_133608,2025-06-30T08:06:08.147262+00:00,3292.767,SELL,0.02,AUTO_LOCK_4TH_ENTRY
20250630_133608,2025-06-30T08:06:08.147262+00:00,3293.008,SELL,0.01,RECOVERY_SNIPER
20250630_133608,2025-06-30T08:06:08.147262+00:00,3293.944,BUY,0.02,RECOVERY_HEDGE
20250630_133608,2025-06-30T08:06:08.147262+00:00,3296.489,BUY,0.01,RECOVERY_SNIPER
20250630_133608,2025-06-30T08:06:08.147262+00:00,3295.348,SELL,0.02,RECOVERY_HEDGE
20250630_133608,2025-06-30T08:06:08.147262+00:00,3296.437,BUY,0.03,RECOVERY_RESTACK
20250630_134627,2025-06-30T08:16:27.517263+00:00,3296.431,BUY,0.01,VP_ENTRY
20250630_134627,2025-06-30T08:16:27.517263+00:00,3295.411,SELL,0.02,HEDGE_LAYER
20250630_134627,2025-06-30T08:16:27.517263+00:00,3296.006,BUY,0.01,LOCK_INTO_RANGE
20250630_134627,2025-06-30T08:16:27.517263+00:00,3294.241,SELL,0.01,RECOVERY_SNIPER
20250630_134627,2025-06-30T08:16:27.517263+00:00,3294.929,BUY,0.02,RECOVERY_HEDGE
20250630_134627,2025-06-30T08:16:27.517263+00:00,3293.848,SELL,0.03,RECOVERY_RESTACK
20250630_134759,2025-06-30T08:17:59.094991+00:00,3293.643,SELL,0.01,ENTRY
20250630_135051,2025-06-30T08:20:51.812036+00:00,3293.786,BUY,0.01,VP_ENTRY
20250630_141628,2025-06-30T08:46:28.936602+00:00,3294.451,BUY,0.01,VP_ENTRY
20250630_141628,2025-06-30T08:46:28.936602+00:00,3293.423,SELL,0.02,HEDGE_LAYER
20250630_141628,2025-06-30T08:46:28.936602+00:00,3294.467,BUY,0.03,REENTRY_STACK
20250630_141628,2025-06-30T08:46:28.936602+00:00,3294.278,SELL,0.02,AUTO_LOCK_4TH_ENTRY
20250630_141628,2025-06-30T08:46:28.936602+00:00,3291.982,BUY,0.01,RECOVERY_SNIPER
